%%%%%%%%%%%%%%%%%%%%%%%%#
%%%%%%%%%% A %%%%%%%%%%%%
%%%%%%%%%%%%%%%%%%%%%%%%#

@misc{ACFP12,
  teams = {POLSYS},
  labs = {LIP6},
  author = "{Albrecht, M.} AND {Cid, C.} AND {Faug\`ere, J.-C.} AND {Perret, L.}",
  title = "{On the relation between the MXL family of algorithms and Gr\"obner basis algorithms}",
  journal = {Journal of Symbolic Computation},
  publisher = {Academic Press, Inc.},
  address = {Duluth, MN, USA},
  volume = {47},
  number = {},
  year = {2012},
  howpublished = "\url{http://www-salsa.lip6.fr/~jcf/Papers/ACFP12.pdf}",
  issn = {0747-7171},
  doi = {doi:10.1016/j.jsc.2012.01.002},
  pages = {926-941},
  note = {(in press)},
  x-editorial-board = {yes},
  x-international-audience = {yes}
}

@article{agkWalk1997,
  author    = "{Amrhein, B.} AND {Gloor, O.} AND {Kuchlin, W.}",
  title     = "{On the Walk}",
  journal   = "{Theoretical Computer Science}",
  volume    = {187},
  pages     = {179--202},
  year      = {1997}
}

@inproceedings{agpInvolutive2000,
 author = "{Astrelin, A. V.} AND {Golubitsky, O. D.} AND {Pankratiev, E. V.}",
 title = "{Gr\"obner Bases and Involutive Bases}",
 journal = "{International Algebraic Conference on the Occasion of the 90th 
 Birthday of A. G. Kurosh, Moscow (1998)}",
 year = {2000},
 pages = {49--55},
 publisher = {Walter Gruyter}
} 

@inproceedings{aguirre-jarrah-laubenbacher-2001,
  author    = "{Aguirre, E.} and
               {Jarrah, A. S.} and
               {Laubenbacher, R. C.}",
  title     = "{Generic ideals and Moreno-Soc\'{\i}as conjucture}",
  booktitle = {ISSAC},
  year      = {2001},
  pages     = {21-23},
  ee        = {http://doi.acm.org/10.1145/384101.384105},
  crossref  = {DBLP:conf/issac/2001},
  bibsource = {DBLP, http://dblp.uni-trier.de}
}
@proceedings{DBLP:conf/issac/2001,
  editor    = {Erich Kaltofen and
               Gilles Villard},
  title     = {Proceedings of the 2001 International Symposium on Symbolic
               and Algebraic Computation, ISSAC 2001, ORCCA {\&} University
               of Western Ontario, London, Ontario, Canada, July 22-25,
               2001},
  booktitle = {ISSAC},
  publisher = {ACM},
  year      = {2001},
  isbn      = {1-58113-417-7},
  ee        = {http://dl.acm.org/citation.cfm?id=384101},
  bibsource = {DBLP, http://dblp.uni-trier.de}
}

@Book{ amIntroGB1969,
  AUTHOR = "{Atiyah, M. F.} AND {MacDonald, I. G.}",
  TITLE = "{Introduction to Commutative Algebra}",
  PUBLISHER = "{Addison-Wesley, London}",
  YEAR = "1969"
}

@unpublished{ apF452010,
  AUTHOR = "{Albrecht, M.} AND {Perry, J.}",
  TITLE = "{F4/5}",
  YEAR = "2010",
  note = "{\url{http://arxiv.org/abs/1006.4933}}"
}

@Article{ apF5CritRevised2011,
  AUTHOR = "{Arri, A.} AND {Perry, J.}",
  title = "The {F}5 {C}riterion revised",
  journal = "Journal of Symbolic Computation",
  year = "2011",
  volume = "46",
  number = "2",
  month = "June",
  year = "2011",
  pages = "1017--1029",
  doi = "10.1016/j.jsc.2011.05.004",
  note = "Preprint online at \url{arxiv.org/abs/1012.3664}"
}

@Book{ alIntroGB1994,
	AUTHOR = "{Adams, W. W.} AND {Loustaunau, P.}",
	TITLE = "{An Introduction to Gr{\"o}bner Bases}",
	PUBLISHER = "{Graduate Studies in Mathematics, AMS}",
	YEAR = "1994"
}

@PhDThesis{ albrechtPhd2010,
  author = "{Albrecht, M.}",
  title = "{Algorithmic Algebraic Techniques and their Application to Block 
  Cipher Cryptanalysis}",
  year = "2010",
  school = "{Royal Holloway, University of London}"
}

@PhDThesis{ arnoldphd2000,
 author = "{Arnold, E. A.}",
 title = "{Computing Gr\"obner bases with Hilbert Lucky Primes}",
  year = "2000",
  school = "{University of Maryland, College Park, MD}"
}

@article{arnoldModular2003,
 author = "{Arnold, E. A.}",
 title = "{Modular algorithms for computing Gr\"obner bases}",
 journal = "{Journal of Symbolic Computation}",
 volume = {35},
 issue = {4},
 month = {April},
 year = {2003},
 issn = {0747-7171},
 pages = {403--419},
 numpages = {17},
 url = {http://portal.acm.org/citation.cfm?id=937627.937629},
 doi = {10.1016/S0747-7171(02)00140-2},
 acmid = {937629},
 publisher = {Academic Press, Inc.},
 address = {Duluth, MN, USA}
} 

@PhDThesis{ arsPhd2005,
  author = "{Ars, G.}",
  title = "{Applications des bases de {G}r{\"o}bner {\`a} la cryptographie}",
  year = "2005",
  school = "{Universit{\'e} de Rennes I}"
}

@article{ahExtF52010,
  author    = "{Ars, G.} AND {Hashemi, A.}",
  title     = "{Extended F5 Criteria}",
	journal   = "Journal of Symbolic Computation, MEGA 2009 special issue",
  volume    = {45},
  number    = {12},
  year      = {2010},
  pages     = {1330--1340}
}

@article{arsHashemiSyzF52011,
  author    = "{Ars, G.} AND {Hashemi, A.}",
  title     = "{Computing Syzygies by Faug\`ere's F5 Algorithm}",
  journal   = "{Results in Mathematics, Springer}",
  volume    = {59},
  pages     = {35--42},
  year      = {2011}
}

@article{auerbachWalk2005,
  author    = "{Auerbach, R. L.}",
  title     = "{The Gr\"obner fan and Gr\"obner walk for modules}",
  journal   = "{Journal of Symbolic Computation}",
  volume    = {39},
  pages     = {127--153},
  year      = {2005}
}

%%%%%%%%%%%%%%%%%%%%%%%%#
%%%%%%%%%% B %%%%%%%%%%%%
%%%%%%%%%%%%%%%%%%%%%%%%#

@PhDThesis{ bardetPhD,
  author = "Bardet, M.",
  title = "{\'E}tude des syst{\`e}mes alg{\'e}briques surd{\'e}termin{\'e}s. 
  Applications aux codes correcteurs et {\`a} la cryptographie.",
	year = "2004",
	school = "Universit{\'e} Paris 6"
}

@Unpublished{ bardetComplexity2002,
  author = "{Bardet, M.}",
  title = "{On the Complexity of a Gr\"obner Basis Algorithm}",
	year = "2004",
  note = "{INRIA Algorithms seminar 2002--2004}"
}

@misc{BFS05,
  author = "{Bardet, M.} AND {Faug\`ere, J.-C.} AND {Salvy, B.} AND {Yang, B.Y.}",
  title = {Asymptotic Expansion of the Degree of Regularity for Semi-Regular Systems of Equations},
  booktitle = {The Effective Methods in Algebraic Geometry Conference, Mega 2005},
  year = 2005,
  month = {May},
  editor = {P. Gianni},
  howpublished = "\url{http://www-salsa.lip6.fr/~jcf/Papers/BFS05.pdf}",
  location = {Porto Conte, Sardinia, Italy},
  pages = {1 -14},
  x-proceedings = {yes},
  x-editorial-board = {yes},
  x-international-audience = {yes}
}

@misc{BFS04,
  author = "{Bardet, M.} AND {Faug\`ere, J.-C.} AND {Salvy, B.}",
  title = "{On the complexity of Gr\"obner basis computation of semi-regular overdetermined algebraic equations}",
  booktitle = {International Conference on Polynomial System Solving - ICPSS},
  year = 2004,
  month = {November},
  howpublished = "\url{http://www-salsa.lip6.fr/~jcf/Papers/43BF.pdf}",
  location = {Paris, France},
  pages = {71 -75},
  x-proceedings = {yes},
  x-editorial-board = {yes},
  x-international-audience = {yes}
}

@article{ bayer1988,
title = "{On the complexity of computing syzygies}",
journal = "{Journal of Symbolic Computation}",
volume = "6",
number = "2-3",
pages = "135 - 147",
year = "1988",
note = "",
issn = "0747-7171",
doi = "DOI: 10.1016/S0747-7171(88)80039-7",
url = 
"http://www.sciencedirect.com/science/article/B6WM7-4SSFY8W-2/2/a6e13bbde58ad2c1cfa408c93fbac935",
author = "{Bayer, D.} and {Stillman, M.}"
}


@PhDThesis{ bGroebner1965,
	AUTHOR = "{Buchberger, B.}",
	TITLE = "{Ein Algorithmus zum Auffinden der Basiselemente des Restklassenringes nach einem nulldimensionalen Polynomideal}",
	YEAR = "1965",
	school = "University of Innsbruck"
}

@article{ bGroebner1965eng,
	AUTHOR = "{Buchberger, B.}",
	TITLE = "{An Algorithm for Finding the Basis Elements of the Residue Class
    Ring of Zero Dimensional Polynomial Ideal (English translation of Bruno
        Buchberger's PhD thesis}",
journal = "{Journal of Symbolic Computation}",
volume = "41",
number = "3-4",
pages = "475 -- 511",
year = "2006",
}

@article{Bogart200754,
title = "{Computing tropical varieties}",
journal = "{Journal of Symbolic Computation}",
volume = "42",
number = "1-2",
pages = "54 -- 73",
year = "2007",
note = "{Effective Methods in Algebraic Geometry (MEGA 2005)}",
issn = "0747-7171",
doi = "DOI: 10.1016/j.jsc.2006.02.004",
url = "http://www.sciencedirect.com/science/article/B6WM7-4KSVG11-1/2/77300fe66e08b2a7e1cbc3feed518203",
author = "{Bogart, T.} and {Jensen, A. N.} and {Speyer, D.} and {Sturmfels, B.} and {Thomas, R. R.}",
keywords = "Tropical geometry",
keywords = "Tropical variety",
keywords = "Tropical basis",
keywords = "{Gr\"obner fan}",
keywords = "Bergman fan"
}

@Article{ borosh1966,
  AUTHOR = "{Borosh, I.}",
  TITLE = "{Exact solutions of linear equations with rational coefficients by 
  congruence techniques}",
  journal= "{Mathematics of Computation}",
  VOLUME = "20",
  PAGES = "107--112",
  YEAR = "1966"
}

@InProceedings{ bp1992,
  AUTHOR = "{Bini, D.} AND {Pan, V.}",
  TITLE = "{Improved parallel division and its extensions}",
  booktitle = "{Foundations of Computer Science}",
  VOLUME = "33",
  PAGES = "131--136",
  YEAR = "1992"
}

@Article{ buchberger2ndCriterion1985,
  AUTHOR = "{Buchberger, B.}",
  TITLE = "{Gr{\"o}bner Bases: An Algorithmic Method in Polynomial Ideal 
  Theory}",
  PUBLISHER = "{in: Multidimensional Systems Theory, D. Reidel Publication 
  Company}",
  PAGES = "184--232",
  YEAR = "1985"
}

@Article{ bigattiHilbertPoincare1997,
	AUTHOR = "{Bigatti, A. M.}",
	TITLE = "{Computation of Hilbert-Poincar\'e series}",
	JOURNAL = "{Journal of Pure and Applied Algebra}",
	VOLUME = "119",
  PAGES = "237--253",
	YEAR = "1997"
}

@Article{ blsr1999,
  AUTHOR = "{Bigatti, A. M.} AND {La Scala, R.} AND {Robbiano, L.}",
  TITLE = "{Computing toric ideals}",
  JOURNAL = "{Journal of Symbolic Computation}",
  VOLUME = "27",
  PAGES = "351--365",
  YEAR = "1999"
}

@Article{ bGoebnerCriterion1970,
	AUTHOR = "{Buchberger, B.}",
	TITLE = "{Ein algorithmisches Kriterium f{\"u}r die L{\"o}sbarkeit eines algebraischen Gleichungssystems}",
	JOURNAL = "{Aequ. Math.}",
	VOLUME = "4",
  NUMBER = "3",
  PAGES = "374--383",
	YEAR = "1970"
}

@InProceedings{ bGroebnerCriterion1979,
	AUTHOR = "{Buchberger, B.}",
	TITLE = "{A Criterion for Detecting Unnecessary Reductions in the Construction
    of Gr{\"o}bner Bases}",
	booktitle = "{EUROSAM '79, An International Symposium on Symbolic and Algebraic Manipulation}",
  VOLUME = "72",
  PAGES = "3--21",
	PUBLISHER = "Springer",
	series = "Lecture Notes in Computer Science",
	YEAR = "1979"
}

@Article{ bcpMagma,
	AUTHOR = "{Bosma, W.} AND {Cannon, J.} AND {Playoust, C.}",
	TITLE = "{The Magma algebra system. I. The user language}",
	JOURNAL = "{Journal of Symbolic Computation}",
	VOLUME = "24",
  NUMBER = "3-4",
  PAGES = "235--265",
	NOTE = "http://magma.maths.usyd.edu.au/magma/",
	YEAR = "1997"
}

@Article{ bcr1991,
AUTHOR = "{Bigatti, A. M.} AND {Caboara, M.} AND {Robbiano, L.}",
TITLE = "{On the computation of the Hilbert-Poincar\'e series}",
JOURNAL = "{AAECC Journal}",
VOLUME = "2",
PAGES = "21--33",
YEAR = "1991"
}

@Article{ bcr2011,
AUTHOR = "{Bigatti, A. M.} AND {Caboara, M.} AND {Robbiano, L.}",
TITLE = "{Computing Inhomogeneous Gr\"obner Bases}",
JOURNAL = "{Journal of Symbolic Computation}",
VOLUME = "46",
PAGES = "498--510",
YEAR = "2011"
}

@InProceedings{ bcrt1992,
AUTHOR = "{Bigatti, A. M.} AND {Conti, P.} AND {Robbiano, L.} AND {Traverso, C.}",
TITLE = "{On the computation of the Hilbert-Poincar\'e series}",
JOURNAL = "{AAECC-10 LNCS 673}",
YEAR = "1992"
}

@Article{ bdPolyBoRi2009,
AUTHOR = "{Brickenstein, M.} AND {Dreyer, A.}",
TITLE = "{PolyBoRi: A framework for Gr{\"o}bner basis computations with Boolean polynomials}",
JOURNAL = "{Journal of Symbolic Computation}",
VOLUME = "44",
NUMBER = "9",
PAGES = "1326--1345",
MONTH = "September",
YEAR = "2009"
}

@Article{ bigatti1966,
AUTHOR = "{Bigatti, A. M.}",
TITLE = "{Computations of the Hilbert-Poincar\'e Series}",
JOURNAL = "{Journal of Pure and Applied Algebra}",
YEAR = "1966"
}

@Article{ bSlimGB2005,
  title = "{Slimgb: Gr{\"o}bner bases with slim polynomials}",
  journal = "{Revista Matem{\'a}tica Complutense}",
  author = "{Brickenstein, M.}",
  year = "2010",
	volume = "23",
	number = "2",
	pages = "453--466",
	note = "the final publication is available at www.springerlink.com",
	doi = "10.1007/s13163-009-0020-0",
	url = "http://www.springerlink.com/content/e4616125w56k5824",
	publisher = "Universidad Complutense de Madrid"
}

@PhDThesis{ brickensteinDiploma,
  title = "{Neue Varianten zur Berechnung von Gr\"obner Basen}",
  author = "{Brickenstein, M.}",
  year = "2004",
  type = "Diploma thesis",
  school = "University of Kaiserslautern"
}

@Book{ bwkGroebnerBases1993,
	AUTHOR = "{Becker, T.} AND {Weispfenning, V.} AND {Kredel, H.}",
	TITLE = "{Gr{\"o}bner Bases}",
	PUBLISHER = "{Graduate Texts in Mathematics, Springer Verlag}",
	YEAR = "1993"
}

@article{bzApproach1996,
 author = "{Blinkov, Y. A.} AND {Zharkov, A. Y.}",
 title = "{Involution approach to investigating polynomial systems}",
 journal = "{Math. Comput. Simul.}",
 volume = {42},
 issue = {4-6},
 month = {January},
 year = {1996},
 issn = {0378-4754},
 pages = {323--332},
 numpages = {10},
 url = {http://dx.doi.org/10.1016/S0378-4754(96)00006-7},
 doi = {http://dx.doi.org/10.1016/S0378-4754(96)00006-7},
 acmid = {247625},
 publisher = {Elsevier Science Publishers B. V.},
 address = {Amsterdam, The Netherlands, The Netherlands},
 keywords = {Gro\¨bner bases, computer algebra, involutive polynomial systems, zero-dimensional ideals}
} 

%%%%%%%%%%%%%%%%%%%%%%%%#
%%%%%%%%%% C %%%%%%%%%%%%
%%%%%%%%%%%%%%%%%%%%%%%%#

@article{CERIA2019,
title = "A general framework for Noetherian well ordered polynomial reductions",
journal = "Journal of Symbolic Computation",
volume = "95",
pages = "100 - 133",
year = "2019",
issn = "0747-7171",
doi = "https://doi.org/10.1016/j.jsc.2019.02.002",
url = "http://www.sciencedirect.com/science/article/pii/S0747717119300124",
author = "Michela Ceria and Teo Mora and Margherita Roggero",
keywords = "Polynomial reduction, Ideal membership, Well founded order",
abstract = "Polynomial reduction is one of the main tools in computational algebra with innumerable applications in many areas, both pure and applied. Since many years both the theory and an efficient design of the related algorithm have been solidly established. This paper presents a definition of the generic concept of polynomial reduction structure, studies its features and highlights the aspects needed in order to grant and to efficiently test the main properties (Noetherianity, confluence, ideal membership). The most significant aspect of this analysis is a negative reappraisal of the role of the notion of term ordering which is usually considered a central and crucial tool in the theory. In fact, as it was already established in the computer science context in relation with termination of algorithms, most of the properties can be obtained simply considering a well founded order, while the classical requirement that it be preserved by multiplication is irrelevant. The last part of the paper shows how the polynomial basis concepts present in literature are interpreted in our language and their properties are consequences of the general results established in the first part of the paper."
}

@article{prym-green-conjecture,
  author    = "{Chiodo, A.} and {Eisenbud, D.} and {Farkas, G.} and {Schreyer,
  F.-O.}",
  title     = {Syzygies of torsion bundles and the geometry of the level l
    modular variety over $M_g$},
  journal   = {Inventiones Math},
  volume    = {194},
  year      = {2013},
  pages     = {73-118}
}

@article{ckr-2004,
  author    = "{Caboara, M.} and {Kreuzer, M.} and {Robbiano, L.}",
  title     = {Efficiently computing minimal sets of critical pairs},
  journal   = {J. Symb. Comput.},
  volume    = {38},
  number    = {4},
  year      = {2004},
  pages     = {1169-1190},
  ee        = {http://dx.doi.org/10.1016/j.jsc.2003.08.009},
  bibsource = {DBLP, http://dblp.uni-trier.de}
}


@mastersthesis{ cabarcasF42010,
 author = "{Cabarcas, D.}",
 title = "{An Implementation of Faug\`ere's F4 Algorithm for Computing Gr\"obner 
 Bases}",
 school = "{University of Cincinnati, Engineering}",
 year = {2010}
 }

@inproceedings{ cdLA2011,
 author = "{Cabarcas, D.} and {Ding, J.}",
 title = "{Linear Algebra to Compute Syzygies and Gr\"obner Bases}",
 booktitle = "{ISSAC 2011: Proceedings of the 2011 international symposium on Symbolic and algebraic computation}",
 year = {2011},
 pages = {67--74},
 numpages = {8}
} 

@inproceedings{ caniglia1988,
 author = "{Caniglia, L.} and {Galligo, A.} and {Heintz, J.}",
 title = "{Some New Effectivity Bounds in Computational Geometry}",
 booktitle = "{Proceedings of the 6th International Conference, on Applied Algebra, Algebraic Algorithms and Error-Correcting Codes}",
 year = {1989},
 isbn = {3-540-51083-4},
 pages = {131--151},
 numpages = {21},
 url = {http://portal.acm.org/citation.cfm?id=646025.676552},
 acmid = {676552},
 publisher = {Springer-Verlag},
 address = {London, UK}
} 

@article{ caniglia1991,
 author = "{Caniglia, L. and Galligo, A. and Heintz, J.}",
 title = "{Equations for the projective closure and effective Nullstellensatz}",
 journal = "{Discrete Appl. Math.}",
 volume = {33},
 issue = {1--3},
 month = {October},
 year = {1991},
 issn = {0166-218X},
 pages = {11--23},
 numpages = {13},
 url = {http://portal.acm.org/citation.cfm?id=120957.120959},
 doi = {10.1016/0166-218X(91)90105-6},
 acmid = {120959},
 publisher = {Elsevier Science Publishers B. V.},
 address = {Amsterdam, The Netherlands, The Netherlands}
} 

@article{cayley1848,
 author = "{Cayley, A.}",
 title = "{On the theory of elimination}",
 journal = "{Mathematical Journal}",
 volume = {3},
 year = {1848},
 pages = {116--120}
} 

@article{caboara-perry-2014,
  author    = "{Caboara, M.} AND {Perry, J.}",
  title     = "{Reducing the size and number of linear programs in a dynamic
               Gr{\"o}bner basis algorithm}",
  journal   = {Appl. Algebra Eng. Commun. Comput.},
  volume    = {25},
  number    = {1-2},
  year      = {2014},
  pages     = {99-117},
  ee        = {http://dx.doi.org/10.1007/s00200-014-0216-5},
}

@InProceedings{caboaraDynamicGB1993,
  author    = "{Caboara, M.}",
  title     = "{A Dynamic Algorithm for Gr\"obner basis computation}",
  booktitle = "{ISSAC'93}",
  year      = {1993}
}

@InProceedings{caboaraMultiHilbGB1996,
  author    = "{Caboara, M.} AND {De Dominicis. G} AND {Robbiano, L.}",
  title     = "{Multigraded Hilbert Functions and Buchberger Algorithm}",
  booktitle = "{ISSAC'96, Z\"urich, Switzerland}",
  year      = {1996}
}

@INPROCEEDINGS{ chsIntroInvolutive2001,
	AUTHOR = "{Calmet, J.} AND {Hausdorf, M.} AND {Seiler, W. M.}",
	TITLE = "{A Constructive Introduction to Involution}",
	JOURNAL = "{Proc. Int. Symp. Applications of Computer Algebra - ISACA 2000, New Delhi}",
  PAGES = "33--50",
	YEAR = "2001"
}

@article{cho-cho-park-2007,
author = "{Cho, H. M.} and {Cho, Y. H.} and {Park, J. P.}",
title = "{Generic Initial Ideals of Arithmetically Cohen-Macaulay Projective Subschemes}",
journal = {Communications in Algebra},
volume = {35},
number = {7},
pages = {2281-2297},
year = {2007},
doi = {10.1080/00927870701329126},

URL = {http://www.tandfonline.com/doi/abs/10.1080/00927870701329126},
eprint = {http://www.tandfonline.com/doi/pdf/10.1080/00927870701329126}
}

@article{cho-park-2008,
title = "{Conditions for generic initial ideals to be almost reverse
  lexicographic}",
journal = "Journal of Algebra ",
volume = "319",
number = "7",
pages = "2761 - 2771",
year = "2008",
note = "",
issn = "0021-8693",
doi = "http://dx.doi.org/10.1016/j.jalgebra.2008.01.014",
url = "http://www.sciencedirect.com/science/article/pii/S0021869308000367",
author = "{Cho, Y. H.} and {Park, J. P.}",
keywords = "Generic algebra",
keywords = "Generic initial ideal",
keywords = "Hilbert function",
keywords = "Hilbert series",
keywords = "Lefschetz properties",
keywords = "Strong Stanley property "
}


@article{ckmConvertingBases1997,
  author    = "{Collart, S.} AND {Kalkbrener, M.} AND {Mall, D.}",
  title     = "{Converting Bases with the Groebner Walk}",
  journal   = "{Journal of Symbolic Computation}",
  volume    = {24},
  pages     = {265--469},
  year      = {1997}
}

@Book{ cloIdeals2007,
	AUTHOR = "{Cox, D. A.} AND {Little, J.} AND {O'Shea, D. B.}",
	TITLE = "{Ideals, Varieties, and Algorithms}",
	PUBLISHER = "{Undergraduate Texts in Mathematics, Springer}",
  EDITION = "{3rd}",
	YEAR = "2007"
}

@Book{ cloUsingAlgebraicGeometry2008,
	AUTHOR = "{Cox, D. A.} AND {Little, J.} AND {O'Shea, D.}",
	TITLE = "{Using Algebraic Geometry}",
	PUBLISHER = "{Graduate Texts in Mathematics, Springer Verlag}",
	EDITION = "{2nd}",
  YEAR = "2008"
}

@ARTICLE{ collinsReconstruction1994,
    author = "{Collins, G. E.} and {Encarnaci\'on, M. J.}",
    title = "{Efficient Rational Number Reconstruction}",
    journal = "{Journal of Symbolic Computation}",
    year = {1994},
    volume = {20},
    pages = {287--297}
}

%%%%%%%%%%%%%%%%%%%%%%%%#
%%%%%%%%%% D %%%%%%%%%%%%
%%%%%%%%%%%%%%%%%%%%%%%%#

@phdthesis{ dellacaPHD2009,
  author = "{Dellaca, R. D.}",
  title = "{Gr\"obner Basis Algorithms}",
  school = "{California State University, Fullerton}",
  year = {2009}
}

@Book{ dlSingularBook2006,
	AUTHOR = "{Decker, W.} AND {Lossen, C.}",
	TITLE = "{Computing in Algebraic Geometry - A Quick Start in {\sc Singular}}",
	PUBLISHER = "{ACM 16, Springer Verlag}",
	YEAR = "2006"
}

@Book{ dsBook2019,
  AUTHOR = "{Decker, W.} AND {Schreyer, F.-O.}",
  TITLE = "{Varieties, Gr\"obner Bases, and Algebraic Curves}",
  PUBLISHER = "{Springer Verlag}",
  YEAR = "tbc"
}

@TechReport{demmel-grigori-xiang,
  Author = "{Demmel, J.} AND {Grigori, L.} AND {Xiang, H.}",
  Title = "{CALU: A Communication Optimal LU Factorization Algorithm}",
  Institution = "{EECS Department, University of California, Berkeley}",
  Year = {2010},
  Month = {Mar},
  URL = "{http://www.eecs.berkeley.edu/Pubs/TechRpts/2010/EECS-2010-29.html}",
  Number = "{UCB/EECS-2010-29}"
}


@Article{ dube1990,
  AUTHOR = "{Dub\'e, T. W.}",
  TITLE = "{The Structure of Polynomial Ideals and Gr\"obner Bases}",
  JOURNAL = "{SIAM Journal of Computation}",
  VOLUME = {19},
  number = "4",
  PAGES = {750--773},
  YEAR = "1990"
}

%%%%%%%%%%%%%%%%%%%%%%%%#
%%%%%%%%%% E %%%%%%%%%%%%
%%%%%%%%%%%%%%%%%%%%%%%%#


@article{refined-syzygies-2016,
author = "{Erocal, B.} AND {Motsak, O.} AND {Schreyer, F.-O.} AND {Steenpass, A.}",
title = "{Refined Algorithms to Compute Syzygies}",
journal = "Journal of Symbolic Computation ",
volume = "74",
number = "",
pages = "308--327",
year = "2016"
}

@Article{ ebert1983,
  AUTHOR = "{Ebert, G. L.}",
  TITLE = "{Some comments on the modular approach to Gr\"obner-bases}",
  JOURNAL = "{ACM SIGSAM Bulletin}",
  VOLUME = {17},
  PAGES = {28--32},
  YEAR = "1983"
}

@Book{ eCABook2008,
	AUTHOR = "{Eisenbud, D.}",
	TITLE = "{Commutative Algebra: with a View Toward Algebraic Geometry}",
	edition = "{3rd}",
	PUBLISHER = "{Graduate Texts in Mathematics, Springer Verlag}",
	YEAR = "2008"
}

@PhDThesis{ ederPhD2012,
	AUTHOR = "{Eder, C.}",
	TITLE = "{Signature-based algorithms to compute standard bases}",
	YEAR = "2012",
	school = "University of Kaiserslautern, Germany",
  note = "{\url{https://kluedo.ub.uni-kl.de/frontdoor/index/index/docId/2975}}"
}

@Article{ eF5Criterion2008,
  AUTHOR = "{Eder, C.}",
  TITLE = "{A new attempt on the F5 Criterion}",
  JOURNAL = "{The Computer Science Journal of Moldova}",
  VOLUME = {16},
  PAGES = {4--14},
  YEAR = "2008"
}

@Article{ eF5Criteria2008,
	AUTHOR = "{Eder, C.}",
	TITLE = "{On the criteria of the F5 Algorithm}",
	JOURNAL = "{preprint math.AC/0804.2033}",
	YEAR = "2008"
}

@article{ederInhomog2013,
author = "{Eder, C.}",
title = "{An analysis of inhomogeneous signature-based Gr\"obner basis
computations}",
journal = "Journal of Symbolic Computation ",
volume = "59",
number = "",
pages = "21--35",
year = "2013",
note = "",
issn = "0747-7171",
doi = "http://dx.doi.org/10.1016/j.jsc.2013.08.001",
url = "http://www.sciencedirect.com/science/article/pii/S0747717113001089"
}

@misc{eder-predicting-zero-reductions-2014,
author = "{Eder, C.}",
title = "{Predicting zero reductions in Gr\"obner basis computations}",
 year = {2014},
 howpublished = "submitted to Journal of Symbolc Computation, preprint at
   \url{http://arxiv.org/abs/1404.0161}"
}


@Article{ epF5C2009,
	AUTHOR = "{Eder, C.} AND {Perry, J.}",
	TITLE = "{F5C: A Variant of Faug{\`e}re's F5 Algorithm with reduced Gr{\"o}bner bases}",
	journal = "Journal of Symbolic Computation, MEGA 2009 special issue",
  volume    = {45},
  number    = {12},
  year      = {2010},
  pages     = {1442--1458},
  note = "{\url{dx.doi.org/10.1016/j.jsc.2010.06.019}}"
}

@Article{ egpF52011,
  AUTHOR = "{Eder, C.} AND {Gash, J.} AND {Perry, J.}",
  TITLE = "{Modifying Faug\`ere's F5 Algorithm to ensure termination}",
  journal = "ACM SIGSAM Communications in Computer Algebra",
  YEAR = "2011",
  volume    = {45},
  number    = {2},
  pages     = {70--89},
  note = "{\url{http://arxiv.org/abs/1006.0318}}"
}

@Article{ ederImprovedF52013,
  AUTHOR = "{Eder, C.}",
  TITLE = "{Improving incremental signature-based Groebner bases algorithms}",
  journal = "ACM SIGSAM Communications in Computer Algebra",
  YEAR = "2013",
  volume    = {47},
  number    = {1},
  pages     = {1--13},
  note = "{\url{http://arxiv.org/abs/1201.6472}}"
}

@inproceedings{epSig2011,
  author = "{Eder, C.} AND {Perry, J.}",
  title = "{Signature-based Algorithms to Compute Gr\"obner Bases}",
  booktitle = "{ISSAC 2011: Proceedings of the 2011 international symposium on Symbolic and algebraic computation}",
  pages = "{99--106}",
  location = "{San Jose, USA}",
  year = 2011,
}

@inproceedings{erF5SB2013,
  author = "{Eder, C.} AND {Roune, B. H.}",
  title = "{Signature Rewriting in Gr\"obner Basis Computation}",
  booktitle = "{ISSAC 2013: Proceedings of the 2013 international symposium on Symbolic and algebraic computation}",
  pages = "{331--338}",
  location = "{Boston, USA}",
  year = 2013,
}

@Article{ eder-faugere-2014,
	AUTHOR = "{Eder, C.} AND {Faug\`ere, J.-C.}",
	TITLE = "{A survey on signature-based Groebner basis algorithms}",
	JOURNAL = "\url{http://arxiv.org/abs/1404.1774}",
	YEAR = "2014"
}

@article{eder-faugere-2016,
title = "{A Survey on Signature-based Algorithms for Computing Gröbner Bases}",
journal = "Journal of Symbolic Computation ",
volume = "80, Part 3",
number = "",
pages = "719 - 784",
year = "2017",
note = "",
issn = "0747-7171",
doi = "http://dx.doi.org/10.1016/j.jsc.2016.07.031",
url = "http://www.sciencedirect.com/science/article/pii/S0747717116300785",
author = "Christian Eder and Jean-Charles Faugère",
keywords = "Gröbner bases",
keywords = "F5",
keywords = "GVW",
keywords = "Signature-based algorithms",
keywords = "Syzygies "
}

@inproceedings{eppSigZ2017,
  author = "{Eder, C.} AND {Pfister, G.} AND {Popescu, A.}",
  title = "{On Signature-based Gr\"obner Bases over Euclidean Rings}",
  booktitle = "{ISSAC 2017: Proceedings of the 2017 International Symposium on
      Symbolic and Algebraic Computation}",
  pages = "{141--148}",
  location = "{Kaiserslautern, Germany}",
  year = 2017,
}


%%%%%%%%%%%%%%%%%%%%%%%%#
%%%%%%%%%% F %%%%%%%%%%%%
%%%%%%%%%%%%%%%%%%%%%%%%#

@article{fglmFGLM1993,
  author    = "{Faug{\`e}re, J.-C.} AND
               {Gianni, P. M.} AND
               {Lazard, D.} AND
               {Mora, T.}",
  title     = "{Efficient Computation of Zero-Dimensional Gr{\"o}bner Bases
               by Change of Ordering}",
  journal   = "{Journal of Symbolic Computation}",
  volume    = {16},
  number    = {4},
  year      = {1993},
  pages     = {329--344},
}

@article{fjltGenericGBWalk2007,
  author    = "{Fukuda, K.} AND {Jensen, A. N.} AND {Lauritzen, N.} AND {Thomas, 
  R}",
  title     = "{The generic Gr\"obner walk}",
  journal   = "{Journal of Symbolic Computation}",
  volume    = {42},
  number    = {3},
  year      = {2007},
  pages     = {298--312},
}

@Article{fjt2007,
   author      = "{Fukuda, K.} and {Jensen, A. N.} and {Thomas, R. R.}",
   journal     = "{Mathematics of {C}omputation}",
   note        = {PRO 060522},
   oai-id      = {oai:infoscience.epfl.ch:98444},
   oai-set     = {article; fulltext; fulltext-public},
   pages       = {2189--2212},
   title       = "{Computing {G}r\"obner fans}",
   unit        = {ROSO},
   url         = {http://dx.doi.org/10.1090/S0025-5718-07-01986-2},
   volume      = "{76}",
   year        = "2007"
}

%%%%%%%%%%%%%%%%%%%%%%%
% FAUGERE STARTS HERE %
%%%%%%%%%%%%%%%%%%%%%%%

@Article{ fF41999,
  author = "{Faug\`ere, J.-C.}",
  title = "{A new efficient algorithm for computing Gr\"obner bases (F4).}",
  journal = "{Journal of Pure and Applied Algebra}",
  publisher = "{Elsevier}",
  volume = "{139}",
  number = "{1--3}",
  pages = "{61--88}",
  note =
    "{\url{http://www-salsa.lip6.fr/~jcf/Papers/F99a.pdf}}",
  issn = "{0022-4049}",
  doi = "{10.1016/S0022-4049(99)00005-5}",
  x-editorial-board = "{yes}",
  x-international-audience = "{yes}",
  month = "{June}",
  year = "{1999}"
}

@Article{ fF52002,
  author = "{Faug\`ere, J.-C.}",
  title = "{A new efficient algorithm for computing Gr\"obner bases without 
  reduction to zero (F5)}",
  booktitle = "{Proceedings of the 2002 international symposium on Symbolic and algebraic computation}",
  series = "{ISSAC '02}",
  year = "{2002}",
  isbn = "{1-58113-484-3}",
  location = "{Lille, France}",
  pages = "{75--83}",
  numpages = "{9}",
  acmid = "{780516}",
  publisher = "{ACM}",
  address = "{New York, NY, USA}",
  url = "{<a href="http://www-salsa.lip6.fr/~jcf/Papers/F02a.pdf">http://www-salsa.lip6.fr/~jcf/Papers/F02a.pdf}",
  lip6-rank = "{A}",
  x-proceedings = "{yes}",
  x-editorial-board = "{yes}",
  x-international-audience = "{yes}"
}

@InProceedings{ fF52002Corrected,
	CRINNUMBER = "A02-R-475",
	CATEGORY = "3",
	EQUIPE = "SPACES",
	AUTHOR = "{Faug{\`e}re, J.-C.}",
  TITLE = "A new efficient algorithm for computing {G}r{\"o}bner bases without 
  reduction to zero {F}5",
  booktitle = "ISSAC'02, Villeneuve d'Ascq, France",
	YEAR = "2002",
	MONTH = "July",
  KEYWORDS = "groebner",
  PAGES = "75--82",
	NOTE = "Revised version from \url{http://fgbrs.lip6.fr/jcf/Publications/index.html}"
}

@TechReport{ Fau05CStar,
	author = "Jean-Charles Faug{\`e}re",
  YEAR = "2005",
  title = "Cryptochallenge 11 is broken or an efficient attack of the {C}* 
  cryptosystem",
	institution = "LIP6/Universit{\`e} Paris"
}

@article{FSS10b,
  author = "{Faug\`ere, J.-C.} and {Safey El Din, M.} and {Spaenlehauer, P.-J.}",
  title = "{Gr\"obner Bases of Bihomogeneous Ideals Generated by Polynomials of 
  Bidegree (1,1): Algorithms and  Complexity}",
  journal = "{Journal of Symbolic Computation}",
  publisher = "{Academic Press, Inc.}",
  address = "{Duluth, MN, USA}",
  volume = "{46}",
  number = "{4}",
  year = "{2011}",
  url = "{<a href="http://www-salsa.lip6.fr/~jcf/Papers/J.-C._FSS10.pdf">http://www-salsa.lip6.fr/~jcf/Papers/J.-C._FSS10.pdf}",
  doi = "{10.1016/j.jsc.2010.10.014}",
  issn = "{0747-7171}",
  pages = "{406--437}",
  note = "{Available online 4 November 2010}",
  x-editorial-board = "{yes}",
  x-international-audience = "{yes}"
}


@article{FL10,
  author = "{Faug\`ere, J.-C. and Liang, Y.}",
  title = "{Artificial discontinuities of single-parametric Gr\"obner bases}",
  journal = "{Journal of Symbolic Computation}",
  editor = "{L. Gonzales Vega}",
  publisher = "{Academic Press, Inc.}",
  address = "{Duluth, MN, USA}",
  volume = "{46}",
  number = "{4}",
  url = "{<a href="http://www-salsa.lip6.fr/~jcf/Papers/J.-C._LP10.pdf">http://www-salsa.lip6.fr/~jcf/Papers/J.-C._LP10.pdf}",
  doi = "{10.1016/j.jsc.2010.11.001}",
  issn = "{0747-7171}",
  year = "{2011}",
  pages = "{459 -- 466}",
  x-pays = "{CN}",
  x-editorial-board = "{yes}",
  x-international-audience = "{yes}"
}


@article{ABF09,
  author = "{Augot, D. and Bardet, M. and Faug\`ere, J.-C.}",
  title = "{On the decoding of binary cyclic codes with the Newton identities}",
  journal = "{Journal of Symbolic Computation}",
  volume = "{44}",
  number = "{12}",
  year = "{2009}",
  issn = "{0747-7171}",
  pages = "{1608--1625}",
  doi = "{10.1016/j.jsc.2008.02.006}",
  url = "{<a href="http://www-salsa.lip6.fr/~jcf/Papers/jsc_ABF09.pdf">http://www-salsa.lip6.fr/~jcf/Papers/jsc_ABF09.pdf}",
  publisher = "{Academic Press, Inc.}",
  address = "{Duluth, MN, USA}",
  x-editorial-board = "{yes}",
  x-international-audience = "{yes}"
}


@article{FP09b,
  author = "{Faug\`ere, J.-C. and Perret, L.}",
  title = "{An efficient algorithm for decomposing multivariate polynomials and its
    applications to cryptography}",
  journal = "{Journal of Symbolic Computation}",
  volume = "{44}",
  number = "{12}",
  year = "{2009}",
  issn = "{0747-7171}",
  pages = "{1676--1689}",
  doi = "{10.1016/j.jsc.2008.02.005}",
  url = "{<a href="http://www-salsa.lip6.fr/~jcf/Papers/jsc_FP09.pdf">http://www-salsa.lip6.fr/~jcf/Papers/jsc_FP09.pdf}",
  publisher = "{Academic Press, Inc.}",
  address = "{Duluth, MN, USA}",
  x-editorial-board = "{yes}",
  x-international-audience = "{yes}"
}


@article{BFP09b,
  author = "{Bettale, L. and Faug\`ere, J.-C. and Perret, L.}",
  title = "{Hybrid approach for solving multivariate systems over finite fields}",
  journal = "{Journal of Mathematical Cryptology}",
  year = "{2010}",
  pages = "{177-197}",
  issn = "{1862-2976}",
  volume = "{3}",
  number = "{3}",
  publisher = "{De Gruter}",
  doi = "{10.1515/J.-C..2009.009}",
  url = "{<a href="http://www-salsa.lip6.fr/~jcf/Papers/J.-C.2.pdf">http://www-salsa.lip6.fr/~jcf/Papers/J.-C.2.pdf}",
  address = "{Berlin, Newyork}",
  x-editorial-board = "{yes}",
  x-international-audience = "{yes}"
}


@article{BF10,
  author = "{Bourgeois, G. and Faug\`ere, J.-C.}",
  title = "{Algebraic Attack on NTRU using Witt Vectors and Gr\"obner bases}",
  journal = "{Journal of Mathematical Cryptology}",
  year = "{2010}",
  volume = "{3}",
  number = "{3}",
  pages = "{205-214}",
  issn = "{1862-2976}",
  doi = "{10.1515/J.-C..2009.011}",
  url = "{<a href="http://www-salsa.lip6.fr/~jcf/Papers/J.-C.1.pdf">http://www-salsa.lip6.fr/~jcf/Papers/J.-C.1.pdf}",
  publisher = "{De Gruter}",
  address = "{Berlin, Newyork}",
  x-editorial-board = "{yes}",
  x-international-audience = "{yes}"
}


@book{FP10b,
  editor = "{Faug\`ere, J.-C. and Perret, L.}",
  author = "{Faug\`ere, J.-C. and Perret, L.}",
  title = "{Symbolic Computation and Cryptography}",
  journal = "{Mathematics in Computer Science}",
  volume = "{3}",
  number = "{2}",
  year = "{2010}",
  isbn = "{1661-8270}",
  note = "{isbn: 1661-8270}",
  pages = "{127--224}",
  doi = "{10.1007/s11786-009-0017-6}",
  url = "{<a href="http://www-salsa.lip6.fr/~jcf/Papers/MCSforeword.pdf">http://www-salsa.lip6.fr/~jcf/Papers/MCSforeword.pdf}",
  publisher = "{Birkhäuser and Springer}",
  address = "{Mathematics in Computer Science}",
  x-editorial-board = "{yes}",
  x-international-audience = "{yes}"
}


@book{FR09a,
  editor = "{Faug\`ere, J.-C. and Rouillier, F.}",
  author = "{Faug\`ere, J.-C. and Rouillier, F.}",
  title = "{Polynomial system solving}",
  journal = "{J. Symb. Comput.}",
  volume = "{44}",
  number = "{3}",
  year = "{2009}",
  isbn = "{0747-7171}",
  note = "{isbn: 0747-7171}",
  pages = "{1--221}",
  doi = "{10.1016/j.jsc.2008.08.004}",
  url = "{<a href="http://www-salsa.lip6.fr/~jcf/Papers/J.-C.1.pdf">http://www-salsa.lip6.fr/~jcf/Papers/J.-C.1.pdf}",
  publisher = "{Academic Press, Inc.}",
  address = "{Journal of Symbolic Computation}",
  x-editorial-board = "{yes}",
  x-international-audience = "{yes}"
}


@book{AFP09,
  editor = "{Augot, D. and Faug\`ere, J.-C. and Perret, L.}",
  author = "{Augot, D. and Faug\`ere, J.-C. and Perret, L.}",
  title = "{Gr\"obner Bases Techniques in Coding Theory and Cryptography}",
  journal = "{J. Symb. Comput.}",
  volume = "{44}",
  number = "{12}",
  year = "{2009}",
  isbn = "{0747-7171}",
  note = "{isbn: 0747-7171}",
  pages = "{1605--1765}",
  doi = "{10.1016/j.jsc.2008.11.004}",
  url = "{<a href="http://www-salsa.lip6.fr/~jcf/Papers/J.-C.2.pdf">http://www-salsa.lip6.fr/~jcf/Papers/J.-C.2.pdf}",
  publisher = "{Academic Press, Inc.}",
  address = "{Journal of Symbolic Computation}",
  x-editorial-board = "{yes}",
  x-international-audience = "{yes}"
}


@proceedings{FW08,
  author = "{Faug\`ere, J.-C. and Wang, D.}",
  editor = "{Faug\`ere, J.-C. and Wang, D.}",
  publisher = "{Beihang University, China}",
  x-editorial-board = "{yes}",
  x-international-audience = "{yes}",
  x-proceedings = "{yes}",
  title = "{Proceedings of the First International Conference on Symbolic Computation and Cryptography (SCC 2008),
                  Beijing, China, April 28--30, 2008}",
  note = "{isbn: 0000-0000}",
  pages = "{1--240}",
  year = 2008
}


@proceedings{CF10,
  author = "{Faug\`ere, J.-C. and Cid, C.}",
  editor = "{Faug\`ere, J.-C. and Cid, C.}",
  publisher = "{Royal Holloway, University of London}",
  x-editorial-board = "{yes}",
  x-international-audience = "{yes}",
  x-proceedings = "{yes}",
  title = "{Proceedings of the 2nd International Conference on Symbolic Computation and Cryptography (SCC 2010),
                  Royal Holloway, University of London, Egham, June, 2010}",
  note = "{isbn: 0000-0000}",
  x-pays = "{UK}",
  url = "{<a href="http://www-salsa.lip6.fr/~jcf/Papers/scc2010-proceedings.pdf">http://www-salsa.lip6.fr/~jcf/Papers/scc2010-proceedings.pdf}",
  pages = "{1--253}",
  year = 2010
}


@inbook{CFPR08,
  author = "{Cazals, F. and Faug\`ere, J.-C. and Pouget, M. and Rouillier, F.}",
  title = "{Ridges and Umbilics of Polynomial Parametric Surfaces}",
  booktitle = "{Geometric Modeling and Algebraic Geometry}",
  x-editorial-board = "{yes}",
  x-international-audience = "{yes}",
  year = 2008,
  volume = 8,
  number = 232,
  pages = "{141--160}",
  publisher = "{Springer}",
  chapter = 8,
  url = "{<a href="http://www-salsa.lip6.fr/~jcf/Papers/CFPR06b.pdf">http://www-salsa.lip6.fr/~jcf/Papers/CFPR06b.pdf}",
  note = "{isbn: 978-3-540-72184-0}"
}

@inproceedings{faugere-svartz-2012,
  teams = {POLSYS},
  labs = {LIP6},
  author = "{Faug\`ere, J.-C.} and {Svartz, J.}",
  title = "{Solving polynomial systems globally invariant under an action of the
symmetric group and application to the equilibria of n vertices in the plane}",
  booktitle = {Proceedings of the 37th international symposium on International symposium on symbolic and algebraic computation},
  series = {ISSAC '12},
  year = {2012},
  numpages = {8},
  pages = {170--178},
  publisher = {ACM},
  address = {New York, NY, USA},
  pdf = {http://hal.inria.fr/hal-00819337/PDF/FS12.pdf},
  language = {Anglais},
  audience = {internationale },
  lip6-rank = {A},
  x-proceedings = {yes},
  x-editorial-board = {yes},
  x-international-audience = {yes}
}
@inproceedings{faugeresvartz-2013,
  teams = {POLSYS},
  labs = {LIP6},
  author = "{Faug\`ere, J.-C.} and {Svartz, J.}",
  title = "{{Gr\"obner Bases of ideals invariant under a Commutative group : the Non-modular Case}}",
  booktitle = {Proceedings of the 38th international symposium on International symposium on symbolic and algebraic computation},
  series = {ISSAC '13},
  year = {2013},
  numpages = {8},
  isbn = {978-1-4503-2059-7},
  doi = {10.1145/2465506.2465944},
  acmid = {2465944},
  location = {Boston, Maine, USA},
  pages = {347--354},
  publisher = {ACM},
  address = {New York, NY, USA},
  hal_id = {hal-00819337},
  url = {http://hal.inria.fr/hal-00819337},
  pdf = {http://hal.inria.fr/hal-00819337/PDF/FS13.pdf},
  language = {Anglais},
  audience = {internationale },
  lip6-rank = {A},
  x-proceedings = {yes},
  x-editorial-board = {yes},
  x-international-audience = {yes}
}

@inproceedings{faugerespaenlehauersvartz-2014,
  teams = {POLSYS},
  labs = {LIP6},
  author = "{Faug\`ere, J.-C.} and {Spaenlehauer, P.-J.}and {Svartz, J.}",
  title = "{{Sparse Gr\"obner Bases: the
    unmixed Case}}",
  booktitle = {Proceedings of the 39th international symposium on International symposium on symbolic and algebraic computation},
  series = {ISSAC '14},
  year = {2014},
  numpages = {8},
  location = {Kobe, Japan},
  pages = {tba},
  language = {Anglais},
  audience = {internationale },
  lip6-rank = {A},
  x-proceedings = {yes},
  x-editorial-board = {yes},
  x-international-audience = {yes}
}

@inproceedings{faugeresafeyverron-2013,
  hal_id = {hal-00780388},
  teams = {POLSYS},
  labs = {LIP6},
  author = "{Faug\`ere, J.-C.} and {Safey El Din, M.} and {Verron, T.}",
  title = "{{On the complexity of Computing Gr\"obner Bases for Quasi-homogeneous Systems}}",
  booktitle = {Proceedings of the 38th international symposium on International symposium on symbolic and algebraic computation},
  series = {ISSAC '13},
  year = {2013},
  pages = {189--196},
  numpages = {8},
  isbn = {978-1-4503-2059-7},
  location = {Boston, Maine, USA},
  publisher = {ACM},
  doi = {10.1145/2465506.2465943},
  acmid = {2465943},
  address = {New York, NY, USA},
  url = {http://hal.inria.fr/hal-00780388},
  pdf = {http://hal.inria.fr/hal-00780388/PDF/main\_eng.pdf},
  language = {Anglais},
  lip6-rank = {A},
  x-proceedings = {yes},
  x-editorial-board = {yes},
  x-international-audience = {yes}
}

@inproceedings{FMRS08,
  author = "{Faug\`ere, J.-C. and Moroz, G. and
                  Rouillier, F. and "{Safey El Din}", M.}",
  title = "{Classification of the Perspective-Three-Point
                  problem, discriminant variety and real solving
                  polynomial systems of inequalities}",
  booktitle = "{ISSAC '08: Proceedings of the twenty-first
                  international symposium on Symbolic and algebraic
                  computation}",
  pages = "{79--86}",
  location = "{Linz/Hagenberg, Austria}",
  year = 2008,
  x-editorial-board = "{yes}",
  x-proceedings = "{yes}",
  x-international-audience = "{yes}",
  lip6-rank = "{A}",
  isbn = "{978-1-59593-904-3}",
  editor = "{D. Jeffrey}",
  publisher = "{ACM}",
  address = "{New York, NY, USA}",
  url = "{<a href="http://www-salsa.lip6.fr/~jcf/Papers/ISSAC08.pdf">http://www-salsa.lip6.fr/~jcf/Papers/ISSAC08.pdf}",
  doi = "{10.1145/1390768.1390782}"
}


@inproceedings{FGP10,
  author = "{Faug\`ere, J.-C. and "{von zur Gathen}", J. and Perret, L.}",
  title = "{Decomposition of Generic Multivariate Polynomials}",
  booktitle = "{ISSAC '10: Proceedings of the 2010 international symposium on Symbolic and algebraic computation}",
  series = "{ISSAC '10}",
  year = "{2010}",
  pages = "{131--137}",
  numpages = "{7}",
  isbn = "{978-1-4503-0150-3}",
  note = "{isbn: 0747-7171 (updated version)}",
  url = "{<a href="http://www-salsa.lip6.fr/~jcf/Papers/ISSAC_FGP_2010.pdf">http://www-salsa.lip6.fr/~jcf/Papers/ISSAC_FGP_2010.pdf}",
  doi = "{10.1145/1837934.1837963}",
  location = "{Munich, Germany}",
  publisher = "{ACM}",
  acmid = "{1837963}",
  address = "{New York, NY, USA}",
  lip6-rank = "{A}",
  x-pays = "{DE}",
  x-proceedings = "{yes}",
  x-editorial-board = "{yes}",
  x-international-audience = "{yes}"
}


@inproceedings{FSS10,
  author = "{Faug\`ere, J.-C.} and {Safey El Din, M.} and {Spaenlehauer, P.-J.}",
  title = "{Computing Loci of Rank Defects of Linear Matrices using Grobner Bases and Applications to Cryptology}",
  booktitle = "{ISSAC '10: Proceedings of the 2010 international symposium on Symbolic and algebraic computation}",
  series = "{ISSAC '10}",
  year = "{2010}",
  pages = "{257--264}",
  numpages = "{8}",
  isbn = "{978-1-4503-0150-3}",
  location = "{Munich, Germany}",
  publisher = "{ACM}",
  address = "{New York, NY, USA}",
  doi = "{10.1145/1837934.1837984}",
  acmid = "{1837984}",
  url = "{<a href="http://www-salsa.lip6.fr/~jcf/Papers/FSS10.pdf">http://www-salsa.lip6.fr/~jcf/Papers/FSS10.pdf}",
  note = "{Best Student Paper Award}",
  lip6-rank = "{A}",
  x-proceedings = "{yes}",
  x-editorial-board = "{yes}",
  x-international-audience = "{yes}"
}


@inproceedings{F09,
  author = "{Faug\`ere, J.-C.}",
  title = "{Interactions between computer algebra (Gr\"obner bases) and 
  cryptology}",
  booktitle = "{ISSAC '09: Proceedings of the 2009 international symposium on Symbolic and algebraic computation}",
  series = "{ISSAC '09}",
  year = "{2009}",
  isbn = "{978-1-60558-609-0}",
  pages = "{383--384}",
  location = "{Seoul, Republic of Korea}",
  doi = "{10.1145/1576702.1576755}",
  url = "{<a href="http://www-salsa.lip6.fr/~jcf/Papers/ISSAC09c.pdf">http://www-salsa.lip6.fr/~jcf/Papers/ISSAC09c.pdf}",
  publisher = "{ACM}",
  address = "{New York, NY, USA}",
  lip6-rank = "{A}",
  x-editorial-board = "{yes}",
  x-invited-conference = "{yes}",
  x-proceedings = "{yes}",
  x-international-audience = "{yes}"
}


@inproceedings{FP09a,
  author = "{Faug\`ere, J.-C. and Perret, L.}",
  title = "{High order derivatives and decomposition of multivariate polynomials}",
  booktitle = "{ISSAC '09: Proceedings of the 2009 international symposium on Symbolic and algebraic computation}",
  series = "{ISSAC '09}",
  year = "{2009}",
  isbn = "{978-1-60558-609-0}",
  pages = "{207--214}",
  location = "{Seoul, Republic of Korea}",
  doi = "{10.1145/1576702.1576732}",
  url = "{<a href="http://www-salsa.lip6.fr/~jcf/Papers/ISSAC09b.pdf">http://www-salsa.lip6.fr/~jcf/Papers/ISSAC09b.pdf}",
  publisher = "{ACM}",
  address = "{New York, NY, USA}",
  lip6-rank = "{A}",
  x-editorial-board = "{yes}",
  x-proceedings = "{yes}",
  x-international-audience = "{yes}"
}


@inproceedings{FR09,
  author = "{Faug\`ere, J.-C. and Rahmany, S.}",
  title = "{Solving systems of polynomial equations with symmetries using 
  SAGBI-Gr\"obner bases}",
  booktitle = "{ISSAC '09: Proceedings of the 2009 international symposium on Symbolic and algebraic computation}",
  series = "{ISSAC '09}",
  year = "{2009}",
  isbn = "{978-1-60558-609-0}",
  pages = "{151--158}",
  location = "{Seoul, Republic of Korea}",
  doi = "{10.1145/1576702.1576725}",
  url = "{<a href="http://www-salsa.lip6.fr/~jcf/Papers/ISSAC09a.pdf">http://www-salsa.lip6.fr/~jcf/Papers/ISSAC09a.pdf}",
  publisher = "{ACM}",
  address = "{New York, NY, USA}",
  lip6-rank = "{A}",
  x-pays = "{IRAN}",
  x-editorial-board = "{yes}",
  x-pays = "{IR}",
  x-proceedings = "{yes}",
  x-international-audience = "{yes}"
}


@inproceedings{EuroCrypt10,
  author = "{Faug\`ere, J.-C. and Otmani, A. and Perret, L. and Tillich, J.-P.}",
  title = "{Algebraic Cryptanalysis of "{McEliece}" Variants with Compact Keys}",
  booktitle = "{Proceedings of Eurocrypt 2010}",
  year = 2010,
  volume = "{6110}",
  pages = "{279-298}",
  location = "{Monaco}",
  url = "{<a href="http://www-salsa.lip6.fr/~jcf/Papers/Eurocrypt2010.pdf">http://www-salsa.lip6.fr/~jcf/Papers/Eurocrypt2010.pdf}",
  doi = "{10.1007/978-3-642-13190-5_14}",
  series = "{Lecture Notes in Computer Science}",
  publisher = "{Springer Verlag}",
  lip6-rank = "{A}",
  x-proceedings = "{yes}",
  x-editorial-board = "{yes}",
  x-international-audience = "{yes}"
}

@article{albrecht-bard-pernet-2011,
  author    = "{Albrecht, M. R.} and
               {Bard, G. V.} and
               {Pernet, C.}",
  title     = {Efficient Dense Gaussian Elimination over the Finite Field
               with Two Elements},
  journal   = {CoRR},
  volume    = {abs/1111.6549},
  year      = {2011},
  ee        = {http://arxiv.org/abs/1111.6549},
  bibsource = {DBLP, http://dblp.uni-trier.de}
}

@inproceedings{albrecht-m4rie-2012,
 author = {Albrecht, M. R.},
 title = {The M4RIE Library for Dense Linear Algebra over Small Fields with Even Characteristic},
 booktitle = {Proceedings of the 37th International Symposium on Symbolic and Algebraic Computation},
 series = {ISSAC '12},
 year = {2012},
 isbn = {978-1-4503-1269-1},
 location = {Grenoble, France},
 pages = {28--34},
 numpages = {7},
 url = {http://doi.acm.org/10.1145/2442829.2442838},
 doi = {10.1145/2442829.2442838},
 acmid = {2442838},
 publisher = {ACM},
 address = {New York, NY, USA},
 keywords = {finite fields, implementations, linear algebra},
} 

@inproceedings{ACTFP10,
  author = "{Albrecht, M.} AND {Cid, C.} AND {Dulien, T.} AND {Faug\`ere, J.-C.}
AND {Perret, L.}",
  title = "{Algebraic Precomputations in Differential Cryptanalysis}",
  booktitle = "{Information Security and Cryptology: 6th International Conference, Inscrypt 2010, Revised Selected Papers}",
  year = "{2010}",
  volume = "{To appear}",
  pages = "{1--18}",
  editor = "{M. Yung and X. Lai}",
  publisher = "{Springer-Verlag}",
  url = "{<a href="http://www-salsa.lip6.fr/~jcf/Papers/INSCRYPT2010.pdf">http://www-salsa.lip6.fr/~jcf/Papers/INSCRYPT2010.pdf}",
  location = "{Shanghai, China}",
  x-pays = "{DE,UK}",
  month = "{October}",
  x-proceedings = "{yes}",
  x-editorial-board = "{yes}",
  x-international-audience = "{yes}"
}


@inproceedings{FOPG_CANS10,
  author = "{Faug\`ere, J.-C. and Odegard, R. and  Perret, L. and Gligoroski, D.}",
  title = "{Analysis of the MQQ Public Key Cryptosystem}",
  booktitle = "{Ninth International Conference on Cryptology And Network Security (CANS 2010)}",
  series = "{Subseries: Security and Cryptology }",
  year = 2010,
  volume = "{6467}",
  pages = "{1--14}",
  editor = "{Heng, Swee-Huay and Wright, Rebecca N. and Goi, Bok-Min}",
  url = "{<a href="http://www-salsa.lip6.fr/~jcf/Papers/CANS2010.pdf">http://www-salsa.lip6.fr/~jcf/Papers/CANS2010.pdf}",
  publisher = "{Springer-Verlag}",
  location = "{Kuala Lumpur (Malaysia)}",
  x-pays = "{NO}",
  month = "{December}",
  isbn = "{978-3-642-17618-0}",
  x-proceedings = "{yes}",
  x-editorial-board = "{yes}",
  x-international-audience = "{yes}"
}


@inproceedings{FP10a,
  author = "{Faug\`ere, J.-C. and Perret, L.}",
  title = "{Algebraic Cryptanalysis of Curry and Flurry using Correlated Messages}",
  booktitle = "{Information Security and Cryptology: 5th International Conference, Inscrypt 2009, Beijing, China, December, 2009, Revised Selected Papers}",
  year = "{2010}",
  volume = "{6151}",
  isbn = "{978-3-642-16341-8}",
  doi = "{10.1007/978-3-642-16342-5_19}",
  url = "{<a href="http://www-salsa.lip6.fr/~jcf/Papers/INSCRYPT2009.pdf">http://www-salsa.lip6.fr/~jcf/Papers/INSCRYPT2009.pdf}",
  pages = "{266--277}",
  editor = "{M. Yung and F. Bao}",
  publisher = "{Springer-Verlag}",
  address = "{Berlin, Heidelberg}",
  x-proceedings = "{yes}",
  x-editorial-board = "{yes}",
  x-international-audience = "{yes}"
}


@inproceedings{FOPT_SCC10,
  author = "{Faug\`ere, J.-C. and  Otmani, A and Perret, L. and Tillich, J.-P.}",
  title = "{Algebraic Cryptanalysis of "{McEliece}" Variants with Compact Keys -- Toward a Complexity Analysis}",
  booktitle = "{SCC '10: Proceedings of the 2nd International Conference on Symbolic Computation and Cryptography}",
  pages = "{45--55}",
  year = 2010,
  url = "{<a href="http://www-salsa.lip6.fr/~jcf/Papers/SCC2010a.pdf">http://www-salsa.lip6.fr/~jcf/Papers/SCC2010a.pdf}",
  address = "{RHUL}",
  location = "{London (UK)}",
  month = "{June}",
  x-proceedings = "{yes}",
  x-editorial-board = "{yes}",
  x-international-audience = "{yes}"
}


@inproceedings{FOPG_SCC10,
  author = "{Faug\`ere, J.-C. and Odegard, R. and  Perret, L. and Gligoroski, D.}",
  title = "{Analysis of the MQQ Public Key Cryptosystem}",
  booktitle = "{SCC'10: Proceedings of the 2nd International Conference on Symbolic Computation and Cryptography}",
  year = 2010,
  pages = "{101--116}",
  url = "{<a href="http://www-salsa.lip6.fr/~jcf/Papers/SCC2010b.pdf">http://www-salsa.lip6.fr/~jcf/Papers/SCC2010b.pdf}",
  address = "{RHUL}",
  location = "{London (UK)}",
  x-pays = "{NO}",
  month = "{June}",
  x-proceedings = "{yes}",
  x-editorial-board = "{yes}",
  x-international-audience = "{yes}"
}


@inproceedings{BFP_TOOLS10,
  author = "{Bettale, L. and Faug\`ere, J.-C. and  Perret, L.}",
  title = "{Hybrid Approach : a Tool for Multivariate Cryptography}",
  booktitle = "{Tools'10: Proceedings of the Workshop on Tools for Cryptanalysis 2010}",
  year = 2010,
  pages = "{1--2}",
  publisher = "{Ecrypt II}",
  url = "{<a href="http://www-salsa.lip6.fr/~jcf/Papers/Tools2010b.pdf">http://www-salsa.lip6.fr/~jcf/Papers/Tools2010b.pdf}",
  address = "{RHUL}",
  location = "{London (UK)}",
  month = "{June}",
  x-proceedings = "{yes}",
  x-editorial-board = "{yes}",
  x-international-audience = "{yes}"
}


@inproceedings{BFP_TOOLS10b,
  author = "{Albrecht, M. and Cid, C. and Dulien, T. and Faug\`ere, J.-C. and  Perret, L.}",
  title = "{Algebraic Precomputations in Differential Cryptanalysis}",
  booktitle = "{Tools'10: Proceedings of the Workshop on Tools for Cryptanalysis 2010}",
  year = 2010,
  pages = "{1--14}",
  url = "{<a href="http://www-salsa.lip6.fr/~jcf/Papers/Tools2010a.pdf">http://www-salsa.lip6.fr/~jcf/Papers/Tools2010a.pdf}",
  publisher = "{Ecrypt II}",
  address = "{RHUL}",
  month = "{June}",
  location = "{London (UK)}",
  x-pays = "{DE,UK}",
  x-proceedings = "{yes}",
  x-editorial-board = "{yes}",
  x-international-audience = "{yes}"
}


@inproceedings{FJPT10,
  author = "{Faug\`ere, J.-C. and Joux, A. and Perret, L. and Treger, J.}",
  title = "{Cryptanalysis of the Hidden Matrix Cryptosystem}",
  booktitle = "{Progress in Cryptology - LATINCRYPT 2010}",
  series = "{Lecture Notes in Computer Science}",
  editor = "{Abdalla, Michel and Barreto, Paulo}",
  pages = "{241-254}",
  publisher = "{Springer Berlin / Heidelberg}",
  volume = "{6212}",
  url = "{<a href="http://www-salsa.lip6.fr/~jcf/Papers/LATIN2010.pdf">http://www-salsa.lip6.fr/~jcf/Papers/LATIN2010.pdf}",
  doi = "{10.1007/978-3-642-14712-8_15}",
  year = "{2010}",
  location = "{Mexico}",
  x-proceedings = "{yes}",
  x-editorial-board = "{yes}",
  x-international-audience = "{yes}"
}


@inproceedings{PKC10a,
  author = "{Faug\`ere, J.-C. and Spaenlehauer, P.-J.}",
  title = "{Algebraic Cryptanalysis of the PKC'09 Algebraic Surface Cryptosystem}",
  booktitle = "{Public Key Cryptography  PKC 2010}",
  volume = "{6056}",
  year = "{2010}",
  pages = "{35--52}",
  publisher = "{Springer-Verlag}",
  series = "{Lecture Notes in Computer Science}",
  doi = "{10.1007/978-3-642-13013-7_3}",
  url = "{<a href="http://www-salsa.lip6.fr/~jcf/Papers/pkc2010a.pdf">http://www-salsa.lip6.fr/~jcf/Papers/pkc2010a.pdf}",
  editor = "{P.Q. Nguyen and D. Poincheval}",
  location = "{ENS, Paris}",
  lip6-rank = "{A}",
  x-proceedings = "{yes}",
  x-editorial-board = "{yes}",
  x-international-audience = "{yes}"
}


@inproceedings{PKC10b,
  author = "{Faug\`ere, J.-C. and Marinier, R. and Renault, G.}",
  title = "{Implicit Factoring with Shared Most Significant and Middle Bits}",
  booktitle = "{in 13th International Conference on Practice and Theory in Public Key Cryptography -- PKC 2010}",
  year = "{2010}",
  pages = "{70-87}",
  volume = "{6056}",
  editor = "{P.Q. Nguyen and D. Poincheval}",
  location = "{ENS, Paris}",
  doi = "{10.1007/978-3-642-13013-7_5}",
  url = "{<a href="http://www-salsa.lip6.fr/~jcf/Papers/pkc2010b.pdf">http://www-salsa.lip6.fr/~jcf/Papers/pkc2010b.pdf}",
  publisher = "{Springer-Verlag}",
  series = "{Lecture Notes in Computer Science}",
  lip6-rank = "{A}",
  x-proceedings = "{yes}",
  x-editorial-board = "{yes}",
  x-international-audience = "{yes}"
}


@inproceedings{FMR_SCC:10,
  author = "{Faug\`ere, J.-C. and Marinier, R. and Renault, G.}",
  title = "{Implicit Factoring with Shared Most Significant and Middle Bits}",
  booktitle = "{SCC '10: Proceedings of the 2nd International Conference on Symbolic Computation and Cryptography}",
  pages = "{197--201}",
  year = 2010,
  url = "{<a href="http://www-salsa.lip6.fr/~jcf/Papers/SCC2010c.pdf">http://www-salsa.lip6.fr/~jcf/Papers/SCC2010c.pdf}",
  address = "{RHUL}",
  location = "{London (UK)}",
  x-proceedings = "{yes}",
  x-editorial-board = "{yes}",
  x-international-audience = "{yes}"
}


@inproceedings{F10c,
  author = "{Faug\`ere, J.-C.}",
  title = "{FGb: A Library for Computing Gr\"obner Bases}",
  booktitle = "{Mathematical Software - ICMS 2010}",
  series = "{Lecture Notes in Computer Science}",
  editor = "{Fukuda, Komei and Hoeven, Joris and Joswig, Michael and Takayama, Nobuki}",
  publisher = "{Springer Berlin / Heidelberg}",
  year = 2010,
  x-invited-conference = "{yes}",
  x-editorial-board = "{yes}",
  x-international-audience = "{yes}",
  x-proceedings = "{yes}",
  pages = "{84-87}",
  volume = "{6327}",
  url = "{<a href="http://www-salsa.lip6.fr/~jcf/Papers/ICMS.pdf">http://www-salsa.lip6.fr/~jcf/Papers/ICMS.pdf}",
  doi = "{10.1007/978-3-642-15582-6_17}",
  address = "{Berlin, Heidelberg}",
  location = "{Kobe, Japan}",
  month = "{September}"
}


@inproceedings{F09bb,
  author = "{Faug\`ere, J.-C.}",
  title = "{Solving Structured Polynomial Systems and Applications to
               Cryptology}",
  booktitle = "{Computer Algebra in Scientific Computing - CASC'09}",
  series = "{Lecture Notes in Computer Science}",
  year = "{2009}",
  pages = "{79-80}",
  editor = "{Vladimir Gerdt and Ernst Mayr and Evgenii Vorozhtsov}",
  publisher = "{Springer Berlin / Heidelberg}",
  volume = "{5743}",
  doi = "{10.1007/978-3-642-04103-7_7}",
  url = "{<a href="http://www-salsa.lip6.fr/~jcf/Papers/CASC09.pdf">http://www-salsa.lip6.fr/~jcf/Papers/CASC09.pdf}",
  location = "{Kobe, Japan}",
  x-invited-conference = "{yes}",
  x-editorial-board = "{yes}",
  x-proceedings = "{yes}",
  x-international-audience = "{yes}"
}


@inproceedings{F09b,
  author = "{Faug\`ere, J.-C.}",
  title = "{Efficient algorithms to compute Groebner Bases and applications in Cryptology}",
  year = "{2009}",
  booktitle = "{Polynomial Computer Algebra'09}",
  location = "{Euler Institute, St Petersburg, Russia}",
  pages = "{1--1}",
  month = "{April}",
  day = "{8--12}",
  x-invited-conference = "{yes}",
  x-proceedings = "{no}",
  x-international-audience = "{yes}"
}


@inproceedings{BFP09a,
  author = "{Bettale, L. and Faug\`ere, J.-C. and Perret, L.}",
  title = "{Security Analysis of Multivariate Polynomials for Hashing}",
  booktitle = "{Information Security and Cryptology: 4th International Conference, Inscrypt 2008, Revised Selected Papers}",
  volume = "{5487}",
  editor = "{Moti Yung and Dongdai Lin and Peng Liu}",
  year = "{2009}",
  isbn = "{978-3-642-01439-0}",
  url = "{<a href="http://www-salsa.lip6.fr/~jcf/Papers/INSCRYPT2008.pdf">http://www-salsa.lip6.fr/~jcf/Papers/INSCRYPT2008.pdf}",
  doi = "{10.1007/978-3-642-01440-6_11}",
  pages = "{115--124}",
  publisher = "{Springer-Verlag}",
  address = "{Berlin, Heidelberg}",
  location = "{Beijing, China}",
  month = "{December}",
  x-proceedings = "{yes}",
  x-editorial-board = "{yes}",
  x-international-audience = "{yes}"
}


@inproceedings{FPS09,
  author = "{Faug\`ere, J.-C. and Perret, L. and Spaenlehauer, P.-J.}",
  title = "{Algebraic-Differential Cryptanalysis of DES}",
  booktitle = "{Western European Workshop on Research in Cryptology -  WEWoRC 2009}",
  location = "{Graz, Austria}",
  year = "{2009}",
  url = "{<a href="http://www-salsa.lip6.fr/~jcf/Papers/DESweworc.pdf">http://www-salsa.lip6.fr/~jcf/Papers/DESweworc.pdf}",
  pages = "{1--5}",
  doi = "{10.1.1.167.4095}",
  bibsource = "{DBLP, http://dblp.uni-trier.de}",
  month = "{July}",
  x-invited-conference = "{yes}",
  x-editorial-board = "{yes}",
  x-proceedings = "{no}",
  x-international-audience = "{yes}"
}


@inbook{FS09,
  author = "{Faug\`ere, J.-C. and "{Safey El Din}", M.}",
  chapter = "{De l'alg\`ebre linéaire à la résolution des syst\`emes polynomiaux}",
  title = "{Mathématiques Appliquées (L3)}",
  note = "{isbn: 978-2-7440-7352-6}",
  isbn = "{978-2-7440-7352-6}",
  pages = "{331--388}",
  publisher = "{Pearson}",
  year = "{2009}",
  x-editorial-board = "{no}",
  x-international-audience = "{no}"
}


@inproceedings{BFP08,
  author = "{Bettale, L. and Faug\`ere, J.-C. and Perret, L}",
  title = "{Cryptanalysis of the TRMS Cryptosystem of PKC'05}",
  booktitle = "{ AfricaCrypt 2008}",
  publisher = "{Springer}",
  isbn = "{3-540-68159-0, 978-3-540-68159-5}",
  pages = "{143--155}",
  numpages = "{13}",
  doi = "{10.1007/978-3-540-68164-9_10}",
  url = "{<a href="http://www-salsa.lip6.fr/~jcf/Papers/AFRICA2008.pdf">http://www-salsa.lip6.fr/~jcf/Papers/AFRICA2008.pdf}",
  x-editorial-board = "{yes}",
  x-international-audience = "{yes}",
  x-proceedings = "{yes}",
  editor = "{Serge Vaudenay}",
  series = "{Lecture Notes in Computer Science}",
  volume = 5023,
  address = "{Casablanca, Morocco}",
  acmid = "{1788649}",
  location = "{Casablanca, Morocco}",
  year = "{2008}"
}


@inproceedings{F08,
  author = "{Faug\`ere, J.-C}",
  title = "{On the complexity of the Minrank problem}",
  year = 2008,
  x-international-audience = "{yes}",
  x-proceedings = "{yes}",
  x-invited-conference = "{yes}",
  booktitle = "{ Second Workshop on Mathematical Cryptology}",
  pages = "{2--3}",
  month = "{October}",
  address = "{Santander, Spain}"
}


@inproceedings{FP08b,
  author = "{Faug\`ere, J.-C. and Perret, L.}",
  title = "{On the Security of UOV}",
  year = 2008,
  x-editorial-board = "{yes}",
  x-international-audience = "{yes}",
  x-proceedings = "{yes}",
  booktitle = "{ First International Conference on Symbolic
                  Computation and Cryptography, SCC 08}",
  series = "{LMIB}",
  pages = "{103--109}",
  url = "{<a href="http://www-salsa.lip6.fr/~jcf/Papers/SCC08a.pdf">http://www-salsa.lip6.fr/~jcf/Papers/SCC08a.pdf}",
  month = "{April}",
  address = "{Beijing, China}"
}


@inproceedings{FP08c,
  author = "{Faug\`ere, J.-C. and Perret, L.}",
  title = "{High order derivatives and decomposition of
                  multivariate polynomials}",
  year = 2008,
  booktitle = "{Second Workshop on Mathematical Cryptology}",
  pages = "{15--19}",
  month = "{October}",
  address = "{Santander (Spain)}",
  x-international-audience = "{yes}",
  x-proceedings = "{yes}",
  x-invited-conference = "{yes}"
}


@inproceedings{Crypto08,
  author = "{Faug\`ere, J.-C. and Levy-dit-Vehel, F. and Perret, L.}",
  title = "{Cryptanalysis of Minrank}",
  booktitle = "{Advances in Cryptology CRYPTO 2008}",
  year = 2008,
  editor = "{David Wagner}",
  lip6-rank = "{A}",
  x-editorial-board = "{yes}",
  x-international-audience = "{yes}",
  x-proceedings = "{yes}",
  volume = 5157,
  isbn = "{978-3-540-85173-8}",
  doi = "{10.1007/978-3-540-85174-5_16}",
  url = "{<a href="http://www-salsa.lip6.fr/~jcf/Papers/crypto08.pdf">http://www-salsa.lip6.fr/~jcf/Papers/crypto08.pdf}",
  pages = "{280--296}",
  series = "{Lecture Notes in Computer Science}",
  publisher = "{Springer-Verlag}",
  address = "{Berlin, Heidelberg}",
  location = "{Santa Barbara, CA, USA}",
  month = "{August}"
}


@inproceedings{SFP08,
  author = "{Simonetti, I. and Faug\`ere, J.-C. and Perret, L.}",
  title = "{Algebraic Attack Against Trivium}",
  year = 2008,
  x-editorial-board = "{yes}",
  x-international-audience = "{yes}",
  x-proceedings = "{yes}",
  booktitle = "{First International Conference on Symbolic
                  Computation and Cryptography, SCC 08}",
  series = "{LMIB}",
  pages = "{95--102}",
  x-pays = "{IT}",
  url = "{<a href="http://www-salsa.lip6.fr/~jcf/Papers/SCC08c.pdf">http://www-salsa.lip6.fr/~jcf/Papers/SCC08c.pdf}",
  month = "{April}",
  address = "{Beijing, China}"
}


@inproceedings{FL10b,
  author = "{Faug\`ere, J.-C. and Lachartre, S.}",
  title = "{Parallel Gaussian Elimination for Gr\"obner bases computations in 
  finite fields}",
  booktitle = "{Proceedings of the 4th International Workshop on Parallel and Symbolic Computation}",
  series = "{PASCO '10}",
  year = 2010,
  editor = "{M. Moreno-Maza and J.L. Roch}",
  month = "{July}",
  organization = "{ACM}",
  isbn = "{978-1-4503-0067-4}",
  location = "{Grenoble, France}",
  pages = "{89--97}",
  numpages = "{9}",
  url = "{<a href="http://www-salsa.lip6.fr/~jcf/Papers/PASCO2010.pdf">http://www-salsa.lip6.fr/~jcf/Papers/PASCO2010.pdf}",
  doi = "{10.1145/1837210.1837225}",
  acmid = "{1837225}",
  address = "{New York, NY, USA}",
  x-proceedings = "{yes}",
  x-editorial-board = "{yes}",
  x-international-audience = "{yes}"
}


@inproceedings{FOPTDist_YACC10,
  author = "{Faug\`ere, J.-C. and  Otmani, A and Perret, L. and Tillich, J.-P.}",
  title = "{A Distinguisher for High Rate McEliece Cryptosystem -- Extended Abstract}",
  booktitle = "{Yet Another Conference on Cryptography, YACC 2010}",
  pages = "{1--4}",
  year = 2010,
  editor = "{P. Véron}",
  address = "{Toulon}",
  url = "{<a href="http://www-salsa.lip6.fr/~jcf/Papers/ARTICLE_YACC2.pdf">http://www-salsa.lip6.fr/~jcf/Papers/ARTICLE_YACC2.pdf}",
  location = "{Porquerolles (France)}",
  x-proceedings = "{yes}",
  x-editorial-board = "{yes}",
  x-international-audience = "{yes}"
}


@inproceedings{FOPT_YACC10,
  author = "{Faug\`ere, J.-C. and  Otmani, A and Perret, L. and Tillich, J.-P.}",
  title = "{Algebraic Cryptanalysis of "{McEliece}" Variants with Compact Keys -- Toward a Complexity Analysis}",
  booktitle = "{Yet Another Conference on Cryptography, YACC 2010}",
  pages = "{1--4}",
  year = 2010,
  url = "{<a href="http://www-salsa.lip6.fr/~jcf/Papers/ARTICLE_YACC1.pdf">http://www-salsa.lip6.fr/~jcf/Papers/ARTICLE_YACC1.pdf}",
  editor = "{P. Véron}",
  address = "{Toulon}",
  location = "{Porquerolles (France)}",
  x-proceedings = "{yes}",
  x-editorial-board = "{yes}",
  x-international-audience = "{yes}"
}


@inproceedings{F10,
  author = "{Faug\`ere, J.-C.}",
  title = "{Structured Polynomial Systems and Algebraic Cryptanalysis of McEliece Variants with Compact Keys.}",
  year = "{2010}",
  booktitle = "{DSO National Labs}",
  location = "{Singapour}",
  pages = "{1--1}",
  month = "{January}",
  x-invited-conference = "{yes}",
  x-proceedings = "{no}",
  x-international-audience = "{yes}"
}


@inproceedings{PKC11a,
  author = "{Bouillaguet, C. and Faug\`ere, J.-C. and Fouque, P.-A. and Perret, L.}",
  title = "{Practical Cryptanalysis of the Identification Scheme Based on  the Isomorphism of Polynomial with One Secret Problem}",
  booktitle = "{Public Key Cryptography - PKC 2011}",
  volume = "{6571}",
  year = "{2011}",
  pages = "{1--12}",
  publisher = "{Springer-Verlag}",
  url = "{<a href="http://www-salsa.lip6.fr/~jcf/Papers/BFFP11.pdf">http://www-salsa.lip6.fr/~jcf/Papers/BFFP11.pdf}",
  series = "{Lecture Notes in Computer Science}",
  editor = "{D. Catalano et al.}",
  location = "{Taormina, Italy}",
  lip6-rank = "{A}",
  x-proceedings = "{yes}",
  x-editorial-board = "{yes}",
  x-international-audience = "{yes}"
}


@inproceedings{PKC11b,
  author = "{Bettale, L.} and {Faug\`ere, J.-C.} and {Perret, L.}",
  title = "{Cryptanalysis of Multivariate and Odd-Characteristic HFE Variants}",
  booktitle = "{Public Key Cryptography - PKC 2011}",
  volume = "{6571}",
  year = "{2011}",
  pages = "{441--458}",
  publisher = "{Springer-Verlag}",
  series = "{Lecture Notes in Computer Science}",
  editor = "{D. Catalano et al.}",
  url = "{<a href="http://www-salsa.lip6.fr/~jcf/Papers/pkc2011a.pdf">http://www-salsa.lip6.fr/~jcf/Papers/pkc2011a.pdf}",
  location = "{Taormina, Italy}",
  lip6-rank = "{A}",
  x-proceedings = "{yes}",
  x-editorial-board = "{yes}",
  x-international-audience = "{yes}"
}


@inproceedings{COSADE:11,
  author = "{Goyet, C. and Faug\`ere, J.-C. and Renault, G.}",
  title = "{Algebraic Side Channel Analysis}",
  booktitle = "{COSADE'11: The 2nd International Workshop on Constructive Side-Channel Analysis and Secure Design}",
  pages = "{1--6}",
  year = "{2011}",
  location = "{Darmstadt, Germany}",
  address = "{Fraunhofer SIT}",
  x-proceedings = "{yes}",
  x-editorial-board = "{yes}",
  x-international-audience = "{yes}"
}


@inproceedings{FM11,
  author = "{Faug\`ere, J.-C. and Mou, C.}",
  title = "{Fast Algorithm for Change of Ordering of Zero-dimensional Gr\"obner Bases with Sparse Multiplication Matrices}",
  booktitle = "{ISSAC 2011: Proceedings of the 2011 international symposium on Symbolic and algebraic computation}",
  series = "{ISSAC '11}",
  year = "{2011}",
  pages = "{115--122}",
  numpages = "{8}",
  isbn = "{}",
  location = "{San Jose, USA}",
  publisher = "{ACM}",
  address = "{New York, NY, USA}",
  lip6-rank = "{A}",
  x-pays = "{CN}",
  x-proceedings = "{yes}",
  x-editorial-board = "{yes}",
  x-international-audience = "{yes}"
}


@misc{FOPT10b,
  author = "{Faug\`ere, J.-C. and Otmani, A. and Perret, L. and Tillich, J.-P.}",
  title = "{A Distinguisher for High Rate McEliece Cryptosystems}",
  howpublished = "{eprint Report 2010/331}",
  year = "{2010}",
  url = "{<a href="http://www-salsa.lip6.fr/~jcf/Papers/Preprint2010.pdf">http://www-salsa.lip6.fr/~jcf/Papers/Preprint2010.pdf}"
}


@phdthesis{Fau94b,
  author = "{Faug\`ere, J.-C.}",
  title = "{Résolution des syst\`emes d'équations algébriques}",
  url = "{<a href="http://www-salsa.lip6.fr/~jcf/Papers/these_faugere.pdf">http://www-salsa.lip6.fr/~jcf/Papers/these_faugere.pdf}",
  school = "{PhD thesis, Université Paris 6}",
  year = 1994
}


@phdthesis{Fau07a,
  author = "{Faug\`ere, J.-C.}",
  title = "{Calcul efficace des bases de Gr\"obner et Applications.}",
  school = "{HDR, Université Paris 6}",
  year = 2007,
  type = "{Habilitation à Diriger des Recherches}"
}


@article{CFRS07,
  author = "{Cameron, R.J. and Faug\`ere, J.-C. and Rouillier, F. and Seyfert, F.}",
  title = "{Exhaustive approach to the coupling matrix synthesis problem and application to the design of high degree asymmetric filters}",
  journal = "{Int J RF and Microwave Comp Aid Eng}",
  volume = "{17}",
  number = "{1}",
  publisher = "{John Wiley & Sons, Ltd}",
  address = "{Hoboken, NJ, USA}",
  year = "{2007}",
  url = "{<a href="http://www-salsa.lip6.fr/~jcf/Papers/CFRS07.pdf">http://www-salsa.lip6.fr/~jcf/Papers/CFRS07.pdf}",
  doi = "{10.1002/mmce.20190}",
  issn = "{1099-047X}",
  pages = "{4--12}",
  month = "{January}",
  x-editorial-board = "{yes}",
  x-international-audience = "{yes}"
}


@article{CFPR06a,
  author = "{Cazals, F. and Faug\`ere, J.-C. and Pouget, M. and Rouillier, F.}",
  title = "{The implicit structure of ridges of a smooth parametric surface}",
  journal = "{Comput. Aided Geom. Des.}",
  volume = "{23}",
  number = "{7}",
  year = "{2006}",
  issn = "{0167-8396}",
  pages = "{582--598}",
  url = "{<a href="http://www-salsa.lip6.fr/~jcf/Papers/CFPR06a.pdf">http://www-salsa.lip6.fr/~jcf/Papers/CFPR06a.pdf}",
  numpages = "{17}",
  doi = "{10.1016/j.cagd.2006.04.002}",
  acmid = "{1648468}",
  publisher = "{Elsevier Science Publishers B. V.}",
  address = "{Amsterdam, The Netherlands, The Netherlands}",
  month = "{October}",
  x-editorial-board = "{yes}",
  x-international-audience = "{yes}"
}


@article{CFPR06b,
  author = "{Cazals, F. and Faug\`ere, J.-C. and Pouget, M. and Rouillier, F.}",
  title = "{Ridges and Umbilics of Polynomial Parametric Surfaces}",
  journal = "{Geometric Modeling and Algebraic Geometry}",
  editor = "{Jüttler, Bert and Piene, Ragni}",
  publisher = "{Springer Berlin Heidelberg}",
  isbn = "{978-3-540-72185-7}",
  pages = "{141-159}",
  url = "{<a href="http://www-salsa.lip6.fr/~jcf/Papers/CFPR06b.pdf">http://www-salsa.lip6.fr/~jcf/Papers/CFPR06b.pdf}",
  doi = "{10.1007/978-3-540-72185-7_8}",
  x-editorial-board = "{yes}",
  x-international-audience = "{yes}",
  year = "{2008}"
}


@article{BEFG04a,
  author = "{Basiri, A. and Enge, A. and Faug\`ere, J.-C. and Gürel, N.}",
  title = "{The arithmetic of jacobian groups of superelliptic cubics.}",
  journal = "{Mathematics of Computation}",
  publisher = "{American Mathematical Society}",
  issn = "{1088-6842}",
  volume = "{74}",
  number = "{249}",
  pages = "{389--410}",
  url = "{<a href="http://www-salsa.lip6.fr/~jcf/Papers/BEFG04a.pdf">http://www-salsa.lip6.fr/~jcf/Papers/BEFG04a.pdf}",
  doi = "{10.1090/S0025-5718-04-01699-0}",
  x-editorial-board = "{yes}",
  x-international-audience = "{yes}",
  year = "{2005}"
}


@article{FHP03,
  author = "{Faug\`ere, J.-C. and Hering, M. and Phan, J.}",
  title = "{The membrane inclusions curvature equations}",
  journal = "{Advances in Applied Mathematics}",
  publisher = "{Elsevier}",
  volume = "{31}",
  number = "{4}",
  pages = "{643--658}",
  url = "{<a href="http://www-salsa.lip6.fr/~jcf/Papers/FHP03.pdf">http://www-salsa.lip6.fr/~jcf/Papers/FHP03.pdf}",
  doi = "{10.1016/S0196-8858(03)00039-3}",
  issn = "{0196-8858}",
  x-editorial-board = "{yes}",
  x-international-audience = "{yes}",
  month = "{June}",
  year = "{2003}"
}


@article{FMR98,
  author = "{Faug\`ere, J.-C.. and "{Moreau de Saint-Martin}", F. and Rouillier, F.}",
  journal = "{Signal Processing, IEEE Transactions on}",
  title = "{Design of regular nonseparable bidimensional wavelets using Grobner basis techniques}",
  year = "{1998}",
  month = apr,
  volume = "{46}",
  number = "{4}",
  pages = "{845 -856}",
  doi = "{10.1109/78.668541}",
  url = "{<a href="http://www-salsa.lip6.fr/~jcf/Papers/FMR98.pdf">http://www-salsa.lip6.fr/~jcf/Papers/FMR98.pdf}",
  issn = "{1053-587X}",
  x-editorial-board = "{yes}",
  x-international-audience = "{yes}",
  note = "{Special Issue on Theory and Applications of Filter Banks and Wavelets}"
}


@article{FL94,
  author = "{Faug\`ere, J.-C.. and Lazard, D.}",
  journal = "{Mechanism and Machine Theory}",
  title = "{"{Combinatorial classes of parallel manipulators}"}",
  year = "{1995}",
  volume = "{30}",
  number = "{6}",
  pages = "{765--776}",
  url = "{<a href="http://www-salsa.lip6.fr/~jcf/Papers/FL94.pdf">http://www-salsa.lip6.fr/~jcf/Papers/FL94.pdf}",
  issn = "{0094-114X}",
  doi = "{10.1016/0094-114X(94)00069-W}",
  x-editorial-board = "{yes}",
  x-international-audience = "{yes}"
}


@article{FGLM,
  author = "{Faug\`ere, J.-C.. and Gianni, P. and Lazard, D. and Mora, T.}",
  journal = "{Journal of Symbolic Computation}",
  title = "{Efficient Computation of Zero-dimensional Gr\"obner Bases by Change of Ordering}",
  year = "{1993}",
  volume = "{16}",
  number = "{4}",
  pages = "{329--344}",
  url = "{<a href="http://www-salsa.lip6.fr/~jcf/Papers/FGLM.pdf">http://www-salsa.lip6.fr/~jcf/Papers/FGLM.pdf}",
  issn = "{0747-7171}",
  doi = "{10.1006/jsco.1993.1051}",
  x-editorial-board = "{yes}",
  x-international-audience = "{yes}"
}


@inproceedings{FP06a,
  author = "{Faug\`ere, J.-C. and Perret, L.}",
  title = "{Cryptanalysis of 2R-- Schemes}",
  booktitle = "{Advances in Cryptology - CRYPTO 2006}",
  series = "{Lecture Notes in Computer Science}",
  editor = "{Dwork, Cynthia}",
  publisher = "{Springer Berlin / Heidelberg}",
  isbn = "{}",
  pages = "{357-372}",
  volume = "{4117}",
  url = "{<a href="http://www-salsa.lip6.fr/~jcf/Papers/FP06a.pdf">http://www-salsa.lip6.fr/~jcf/Papers/FP06a.pdf}",
  doi = "{10.1007/11818175_21}",
  note = "{10.1007/11818175_21}",
  month = "{August}",
  year = "{2006}",
  location = "{Santa Barbara, USA}",
  lip6-rank = "{A}",
  x-proceedings = "{yes}",
  x-editorial-board = "{yes}",
  x-international-audience = "{yes}"
}


@inproceedings{FP06b,
  author = "{Faug\`ere, J.-C. and Perret, L.}",
  title = "{Polynomial Equivalence Problems: Algorithmic and Theoretical Aspects}",
  booktitle = "{Advances in Cryptology - EUROCRYPT 2006}",
  series = "{Lecture Notes in Computer Science}",
  editor = "{Vaudenay, Serge}",
  publisher = "{Springer Berlin / Heidelberg}",
  isbn = "{}",
  pages = "{30-47}",
  volume = "{4004}",
  doi = "{10.1007/11761679_3}",
  note = "{10.1007/11761679_3}",
  year = "{2006}",
  url = "{<a href="http://www-salsa.lip6.fr/~jcf/Papers/FP06b.pdf">http://www-salsa.lip6.fr/~jcf/Papers/FP06b.pdf}",
  location = "{St Petersburg, Russia}",
  lip6-rank = "{A}",
  x-proceedings = "{yes}",
  x-editorial-board = "{yes}",
  x-international-audience = "{yes}"
}


@inproceedings{AFIK04,
  author = "{Ars, G. and Faug\`ere, J.-C. and Imai, H. and Kawazoe, M. and Sugita, M.}",
  title = "{Comparison Between XL and Gr\"obner Basis Algorithms}",
  booktitle = "{Advances in Cryptology - ASIACRYPT 2004}",
  series = "{Lecture Notes in Computer Science}",
  editor = "{Lee, Pil Joong}",
  publisher = "{Springer Berlin / Heidelberg}",
  isbn = "{}",
  pages = "{157-167}",
  volume = "{3329}",
  doi = "{10.1007/978-3-540-30539-2_24}",
  note = "{10.1007/978-3-540-30539-2_24}",
  year = "{2004}",
  url = "{<a href="http://www-salsa.lip6.fr/~jcf/Papers/AFIK04.pdf">http://www-salsa.lip6.fr/~jcf/Papers/AFIK04.pdf}",
  location = "{Jeju Island, Korea}",
  lip6-rank = "{A}",
  x-proceedings = "{yes}",
  x-editorial-board = "{yes}",
  x-international-audience = "{yes}"
}


  author = "{Basiri, A. and Enge, A. and Faug\`ere, J.-C. and Gürel, N.}",
  author = "{Basiri, A. and Enge, A. and Faug\`ere, J.-C.and Gürel, N.}",
  title = "{Implementing the Arithmetic of \(C_"{3,4}"\) Curves}",
  booktitle = "{Algorithmic Number Theory}",
  series = "{Lecture Notes in Computer Science}",
  editor = "{Buell, Duncan}",
  publisher = "{Springer Berlin / Heidelberg}",
  isbn = "{}",
  pages = "{87-101}",
  volume = "{3076}",
  doi = "{10.1007/978-3-540-24847-7_6}",
  note = "{10.1007/978-3-540-24847-7_6}",
  month = "{June}",
  year = "{2004}",
  url = "{<a href="http://www-salsa.lip6.fr/~jcf/Papers/BEFG04b.pdf">http://www-salsa.lip6.fr/~jcf/Papers/BEFG04b.pdf}",
  location = "{Vermont, USA}",
  lip6-rank = "{A}",
  x-proceedings = "{yes}",
  x-editorial-board = "{yes}",
  x-international-audience = "{yes}"
}


@ARTICLE{FJ03,
  author = "{Faug\`ere, J.-C.} AND {Joux, A.}",
  title = "{Algebraic Cryptanalysis of Hidden Field Equation (HFE) Cryptosystems Using Gr\"obner Bases}",
  booktitle = "{Advances in Cryptology - CRYPTO 2003}",
  series = "{Lecture Notes in Computer Science}",
  publisher = "{Springer Berlin / Heidelberg}",
  isbn = "{}",
  pages = "{44-60}",
  volume = "{2729}",
  doi = "{10.1007/978-3-540-45146-4_3}",
  year = "{2003}",
  editor = "{Boneh Dan}",
  url = "{<a href="http://www-salsa.lip6.fr/~jcf/Papers/FJ03.pdf">http://www-salsa.lip6.fr/~jcf/Papers/FJ03.pdf}",
  location = "{Santa Barbara, USA}",
  lip6-rank = "{A}",
  x-proceedings = "{yes}",
  x-editorial-board = "{yes}",
  x-international-audience = "{yes}"
}


  author = "{Basiri, A. and Faug\`ere, J.-C.}",
  author = "{Basiri, A. and Faug\`ere, J.-C.",
  title = "{Changing the ordering of Gr\"obner bases with LLL: case of two variables}",
  booktitle = "{Proceedings of the 2003 international symposium on Symbolic and algebraic computation}",
  series = "{ISSAC '03}",
  year = "{2003}",
  isbn = "{1-58113-641-2}",
  location = "{Philadelphia, PA, USA}",
  pages = "{23--29}",
  numpages = "{7}",
  doi = "{10.1145/860854.860866}",
  acmid = "{860866}",
  publisher = "{ACM}",
  address = "{New York, NY, USA}",
  url = "{<a href="http://www-salsa.lip6.fr/~jcf/Papers/BF03.pdf">http://www-salsa.lip6.fr/~jcf/Papers/BF03.pdf}",
  lip6-rank = "{A}",
  x-proceedings = "{yes}",
  x-editorial-board = "{yes}",
  x-international-audience = "{yes}"
}


  author = "{Augot, D. and Bardet, M. and Faug\`ere, J.-C.}",
  author = "{Augot, D. and Bardet, M. and Faug\`ere, J.-C.",
  booktitle = "{IEEE International Symposium on Information Theory, 2007. ISIT 2007}",
  title = "{On formulas for decoding binary cyclic codes}",
  editor = "{Goldsmith and  Medard and Shokrollahi and Zamir}",
  location = "{Nice}",
  year = "{2007}",
  month = "{June}",
  volume = "{}",
  number = "{}",
  pages = "{2646 -2650}",
  doi = "{10.1109/ISIT.2007.4557618}",
  url = "{<a href="http://www-salsa.lip6.fr/~jcf/Papers/AugotBardetFaugere2007-ISIT.pdf">http://www-salsa.lip6.fr/~jcf/Papers/AugotBardetFaugere2007-ISIT.pdf}",
  issn = "{}",
  isbn = "{978-1-4244-1397-3}",
  x-proceedings = "{yes}",
  x-editorial-board = "{yes}",
  x-international-audience = "{yes}"
}


  author = "{Faug\`ere, J.-C. and Hering, M. and Phan, J.}",
  author = "{Faug\`ere, J.-C.and Hering, M. and Phan, J.}",
  title = "{The Membrane Inclusions Curvature Equations}",
  booktitle = "{The Effective Methods in Algebraic Geometry Conference, Mega 2000}",
  location = "{Bath (UK)}",
  month = "{June}",
  url = "{<a href="http://www-salsa.lip6.fr/~jcf/Papers/MEGA.pdf">http://www-salsa.lip6.fr/~jcf/Papers/MEGA.pdf}",
  year = 2000,
  editor = "{M. Singer}",
  pages = "{1 -29}",
  x-proceedings = "{yes}",
  x-editorial-board = "{yes}",
  x-international-audience = "{yes}"
}


  author = "{Bardet, M. and  Faug\`ere, J.-C. and Salvy, B.}",
  author = "{Bardet, M. and  Faug\`ere, J.-C.and Salvy, B.}",
  title = "{Asymptotic Expansion of the Degree of Regularity for Semi-Regular Systems of Equations}",
  booktitle = "{The Effective Methods in Algebraic Geometry Conference, Mega 2005}",
  year = 2005,
  month = "{May}",
  editor = "{P. Gianni}",
  url = "{<a href="http://www-salsa.lip6.fr/~jcf/Papers/BFS05.pdf">http://www-salsa.lip6.fr/~jcf/Papers/BFS05.pdf}",
  location = "{Porto Conte, Sardinia, Italy}",
  pages = "{1 -14}",
  x-proceedings = "{yes}",
  x-editorial-board = "{yes}",
  x-international-audience = "{yes}"
}


  author = "{Bardet, M. and  Faug\`ere, J.-C. and Salvy, B.}",
  author = "{Bardet, M. and  Faug\`ere, J.-C.and Salvy, B.}",
  title = "{On the complexity of Gr\"obner basis computation of semi-regular overdetermined algebraic equations}",
  booktitle = "{International Conference on Polynomial System Solving - ICPSS}",
  year = 2004,
  month = "{Nov}",
  url = "{<a href="http://www-salsa.lip6.fr/~jcf/Papers/43BF.pdf">http://www-salsa.lip6.fr/~jcf/Papers/43BF.pdf}",
  location = "{Paris, France}",
  pages = "{71 -75}",
  x-proceedings = "{yes}",
  x-editorial-board = "{yes}",
  x-international-audience = "{yes}"
}


  author = "{Cazals, F. and Faug\`ere, J.-C. and Pouget, M. and Rouillier, F.}",
  author = "{Cazals, F. and Faug\`ere, J.-C.and Pouget, M. and Rouillier, F.}",
  title = "{Ridges and umbilics of polynomial parametric surfaces}",
  booktitle = "{Computational Methods for Algebraic Spline Surfaces II - COMPASS II}",
  year = 2005,
  month = "{September}",
  url = "{<a href="http://www-salsa.lip6.fr/~jcf/Papers/ridges_pouget_slides.pdf">http://www-salsa.lip6.fr/~jcf/Papers/ridges_pouget_slides.pdf}",
  location = "{Centre of Mathematics for Applications at the University of Oslo, Norway}",
  pages = "{1 - 1}",
  x-proceedings = "{no}",
  x-editorial-board = "{yes}",
  x-international-audience = "{yes}"
}


  author = "{Faug\`ere, J.-C. and Kotsireas, I.}",
  author = "{Faug\`ere, J.-C.and Kotsireas, I.}",
  title = "{Symmetry theorems for the Newtonian 4- and 5-body problems with equal masses}",
  booktitle = "{Computer Algebra in Scientific Computing: Casc '99 : Proceedings of the Second Workshop on Computer Algebra in Scientific Computing}",
  year = 1999,
  url = "{<a href="http://www-salsa.lip6.fr/~jcf/Papers/CASC99.pdf">http://www-salsa.lip6.fr/~jcf/Papers/CASC99.pdf}",
  pages = "{81--92}",
  editor = "{Mayr, E. W. and Vorozhtsov, E. V.}",
  publisher = "{Springer-Verlag New York, Inc.}",
  address = "{Secaucus, NJ, USA}",
  isbn = "{3-540-66047-X}",
  month = "{July}",
  location = "{TUM Munich, Germany}",
  x-proceedings = "{yes}",
  x-editorial-board = "{yes}",
  x-international-audience = "{yes}"
}


  author = "{Ars, G. and Faug\`ere, J.-C.}",
  author = "{Ars, G. and Faug\`ere, J.-C.",
  title = "{Algebraic immunities of functions over finite fields}",
  booktitle = "{Boolean Function : Cryptography and Applications - BFCA 05}",
  year = 2005,
  editor = "{Presses Universitaires PURH}",
  location = "{Rouen, France}",
  url = "{<a href="http://www-salsa.lip6.fr/~jcf/Papers/AF05.pdf">http://www-salsa.lip6.fr/~jcf/Papers/AF05.pdf}",
  pages = "{21--38}",
  x-proceedings = "{yes}",
  x-editorial-board = "{yes}",
  x-international-audience = "{yes}"
}


  author = "{Augot, D. and Bardet, M. and Faug\`ere, J.-C.}",
  author = "{Augot, D. and Bardet, M. and Faug\`ere, J.-C.",
  booktitle = "{IEEE International Symposium on Information Theory -- ISIT 2003.}",
  title = "{Efficient decoding of (binary) cyclic codes above the correction capacity of the code using Gr\"obner bases}",
  location = "{Yokohama, Japan}",
  year = "{2003}",
  month = "{June}",
  volume = "{}",
  number = "{}",
  pages = "{362--362}",
  doi = "{10.1109/ISIT.2003.1228378 }",
  url = "{<a href="http://www-salsa.lip6.fr/~jcf/Papers/ISIT2003.pdf">http://www-salsa.lip6.fr/~jcf/Papers/ISIT2003.pdf}",
  issn = "{}",
  isbn = "{0-7803-7728-1}",
  x-proceedings = "{yes}",
  x-editorial-board = "{yes}",
  x-international-audience = "{yes}"
}


  author = "{Faug\`ere, J.-C.}",
  author = "{Faug\`ere, J.-C.",
  booktitle = "{10th GAMM-IMACS International Symposium on Scientific Computing, Computer Arithmetic and Validated Numerics}",
  title = "{Using computer algebra methods as a preprocessing tool for global optimization problems.}",
  location = "{paris, France}",
  year = "{2002}",
  month = "{September}",
  volume = "{}",
  number = "{}",
  pages = "{1--7}",
  url = "{<a href="http://www-salsa.lip6.fr/~jcf/Papers/scan2002_abstract.pdf">http://www-salsa.lip6.fr/~jcf/Papers/scan2002_abstract.pdf}",
  html = "{<a href="http://www-salsa.lip6.fr/~jcf/Papers/scan2002_slides.pdf">http://www-salsa.lip6.fr/~jcf/Papers/scan2002_slides.pdf}",
  issn = "{}",
  isbn = "{}",
  x-proceedings = "{no}",
  x-editorial-board = "{yes}",
  x-international-audience = "{yes}"
}


  author = "{Faug\`ere, J.-C.}",
  author = "{Faug\`ere, J.-C.",
  title = "{Finding all the solutions of Cyclic 9 using Gr\"obner basis techniques.}",
  booktitle = "{Computer Mathematics - Proceedings of the Fifth Asian Symposium (ASCM 2001)}",
  year = 2001,
  editor = "{K. Shirayanagi and K. Yokoyama}",
  volume = "{9}",
  series = "{Lecture Notes Series on Computing}",
  doi = "{10.1142/9789812799661_0001}",
  url = "{<a href="http://www-salsa.lip6.fr/~jcf/Papers/F01e.pdf">http://www-salsa.lip6.fr/~jcf/Papers/F01e.pdf}",
  pages = "{1--12}",
  month = "{Sep}",
  isbn = "{981-02-4763-X}",
  location = "{Matsuyama, Japan}",
  publisher = "{World Scientific}",
  x-proceedings = "{yes}",
  x-editorial-board = "{yes}",
  x-international-audience = "{yes}"
}


  author = "{Faug\`ere, J.-C. and Perret, L.}",
  author = "{Faug\`ere, J.-C.and Perret, L.}",
  title = "{Polynomial equivalence problems: Algorithmic and theoretical aspects}",
  booktitle = "{ International Workshop on Post-Quantum Cryptography 2006 - PQCRYPTO 06}",
  editor = "{D.J. Bernstein}",
  isbn = "{}",
  pages = "{-}",
  volume = "{}",
  month = "{April}",
  year = "{2006}",
  location = "{Leuwen, Belgique}",
  x-proceedings = "{no}",
  x-editorial-board = "{yes}",
  x-international-audience = "{yes}"
}


  author = "{Faug\`ere, J.-C. and Folliot, B. and "{Boutros Saab}", C.}",
  author = "{Faug\`ere, J.-C.and Folliot, B. and "{Boutros Saab}", C.}",
  title = "{Execution platform for high consuming parallel applications: a case study for Gr\"obner basis}",
  booktitle = "{In International Workshop on Parallel and Distributed Computing for Symbolic and Irregular Applications -- PDSIA 99}",
  editor = "{}",
  isbn = "{}",
  pages = "{-}",
  url = "{<a href="http://www-salsa.lip6.fr/~jcf/Papers/FFS99.pdf">http://www-salsa.lip6.fr/~jcf/Papers/FFS99.pdf}",
  volume = "{}",
  month = "{July}",
  year = "{1999}",
  location = "{Sendai, Japa}",
  x-proceedings = "{yes}",
  x-editorial-board = "{yes}",
  x-international-audience = "{yes}"
}


  author = "{Faug\`ere, J.-C.}",
  author = "{Faug\`ere, J.-C.",
  title = "{Parallelization of Gr\"obner basis}",
  page = "{124-132}",
  booktitle = "{Parallel and Symbolic Computation}",
  organization = "{Pasco'94}",
  publisher = "{World Scientific}",
  editor = "{Hoon Hong}",
  series = "{Lect. Notes Series in Computing}",
  volume = "{5}",
  year = "{1994}",
  url = "{<a href="http://www-salsa.lip6.fr/~jcf/Papers/pasco.pdf">http://www-salsa.lip6.fr/~jcf/Papers/pasco.pdf}",
  issn = "{1793-1223}",
  isbn = "{981-02-2040-5}",
  x-proceedings = "{yes}",
  x-editorial-board = "{yes}",
  x-international-audience = "{yes}"
}


  author = "{Faug\`ere, J.-C. and Otmani, A. and Perret, L. and Tillich, J.-P.}",
  author = "{Faug\`ere, J.-C.and Otmani, A. and Perret, L. and Tillich, J.-P.}",
  title = "{A Distinguisher for High Rate McEliece Cryptosystems}",
  note = "{eprint Report 2010/331}",
  year = "{2010}",
  url = "{<a href="http://www-salsa.lip6.fr/~jcf/Papers/Preprint2010.pdf">http://www-salsa.lip6.fr/~jcf/Papers/Preprint2010.pdf}"
}


  author = "{Faug\`ere, J.-C. and Lubicz, D. and Robert, D.}",
  author = "{Faug\`ere, J.-C.and Lubicz, D. and Robert, D.}",
  title = "{Computing modular correspondences for abelian varieties}",
  note = "{preprint Hal, arXiv:0910.4668v1, [cs.SC]}",
  html = "{<a href="http://hal.archives-ouvertes.fr/hal-00426338_v1/">http://hal.archives-ouvertes.fr/hal-00426338_v1/}",
  year = "{2010}",
  url = "{<a href="http://www-salsa.lip6.fr/~jcf/Papers/FLD09.pdf">http://www-salsa.lip6.fr/~jcf/Papers/FLD09.pdf}"
}


  author = "{Faug\`ere, J.-C. and Merlet, J.P. and Rouillier, F.}",
  author = "{Faug\`ere, J.-C.and Merlet, J.P. and Rouillier, F.}",
  title = "{On solving the direct kinematics problem for parallel robots}",
  note = "{INRIA Research Report, n 5923}",
  html = "{<a href="http://hal.archives-ouvertes.fr/inria-00072366/">http://hal.archives-ouvertes.fr/inria-00072366/}",
  year = "{2006}",
  url = "{<a href="http://www-salsa.lip6.fr/~jcf/Papers/RR-5923.pdf">http://www-salsa.lip6.fr/~jcf/Papers/RR-5923.pdf}"
}


  author = "{Ars, G. and Faug\`ere, J.-C.}",
  author = "{Ars, G. and Faug\`ere, J.-C.",
  title = "{Algebraic Immunities of functions over finite fields}",
  note = "{INRIA Research Report, n 5532}",
  html = "{<a href="http://hal.archives-ouvertes.fr/inria-00070475/en/">http://hal.archives-ouvertes.fr/inria-00070475/en/}",
  year = "{2005}",
  url = "{<a href="http://www-salsa.lip6.fr/~jcf/Papers/RR-5532.pdf">http://www-salsa.lip6.fr/~jcf/Papers/RR-5532.pdf}"
}


  author = "{Bardet, M. and  Faug\`ere, J.-C. and Salvy, B.}",
  author = "{Bardet, M. and  Faug\`ere, J.-C.and Salvy, B.}",
  title = "{Complexity of Gr\"obner basis computation for Semi-regular Overdetermined sequences over GF(2) with solutions in GF(2)}",
  note = "{INRIA Research Report, n 5049}",
  html = "{<a href="http://hal.inria.fr/inria-00071534_v1/">http://hal.inria.fr/inria-00071534_v1/}",
  year = "{2003}",
  url = "{<a href="http://www-salsa.lip6.fr/~jcf/Papers/RR-5049.pdf">http://www-salsa.lip6.fr/~jcf/Papers/RR-5049.pdf}"
}


@ARTICLE{ F03,
  author = "{Faug\`ere, J.-C.}",
  title = "{Algebraic cryptanalysis of HFE using Gr\"obner bases}",
  note = "{INRIA Research Report, n 4738}",
  html = "{<a href="http://hal.archives-ouvertes.fr/inria-00071849/en/">http://hal.archives-ouvertes.fr/inria-00071849/en/}",
  year = "{2003}",
  url = "{<a href="http://www-salsa.lip6.fr/~jcf/Papers/RR-4738.pdf">http://www-salsa.lip6.fr/~jcf/Papers/RR-4738.pdf}"
}


  author = "{Ars, G. and Faug\`ere, J.-C.}",
  author = "{Ars, G. and Faug\`ere, J.-C.",
  title = "{An Algebraic Cryptanalysis of Nonlinear Filter Generators using Gr\"obner Bases}",
  note = "{INRIA Research Report, n 4739}",
  html = "{<a href="http://hal.archives-ouvertes.fr/inria-00071848/en/">http://hal.archives-ouvertes.fr/inria-00071848/en/}",
  year = "{2003}",
  url = "{<a href="http://www-salsa.lip6.fr/~jcf/Papers/RRars-4739.pdf">http://www-salsa.lip6.fr/~jcf/Papers/RRars-4739.pdf}"
}


  author = "{Faug\`ere, J.-C. and Ye, L.}",
  author = "{Faug\`ere, J.-C.and Ye, L.}",
  title = "{Numerical Computation of Grobner Bases for Zero-dimensional Polynomial Ideals}",
  booktitle = "{Mathematical Aspects of Computer and Information Sciences 2007, Paris, France}",
  year = 2007,
  month = "{December}",
  url = "{<a href="http://www-spiral.lip6.fr/MACIS2007/schedule.html">http://www-spiral.lip6.fr/MACIS2007/schedule.html}"
}


%%%%%%%%%%%%%%%%%%%%%
% FAUGERE ENDS HERE %
%%%%%%%%%%%%%%%%%%%%%

@Book{ froebergIntroGB1997,
	AUTHOR = "{Fr\"oberg, R.}",
	TITLE = "{An Introduction to Gr{\"o}bner Bases}",
	PUBLISHER = "{John Wiley \& Sons}",
	YEAR = "1997"
}

@Book{ fultonToric1993,
  AUTHOR = "{Fulton, W.}",
  TITLE = "{Introduction to Toric Varieties}",
  PUBLISHER = "{Princeton University Press}",
  YEAR = "1993"
}

%%%%%%%%%%%%%%%%%%%%%%%%#
%%%%%%%%%% G %%%%%%%%%%%%
%%%%%%%%%%%%%%%%%%%%%%%%#

@manual{singular-benchmarks,
  AUTHOR = "{Eder, C.}",
  TITLE = "{singular-benchmarks}",
  NOTE = "{\url{https://github.com/ederc/singular-benchmarks}}",
  YEAR = "2018"
}
@manual{gbl,
  AUTHOR = "{Eder, C.}",
  TITLE = "{gb}",
  NOTE = "{\url{https://github.com/ederc/gb}}",
  YEAR = "2018"
}
@Article{gdxCommunication2008,
  AUTHOR = "{Grigori, L.} AND {Demmel, J. W.} AND {Xiang, H.}",
  TITLE = "{Communication Avoiding Gaussian Elimination}",
  JOURNAL = "{SC 2008, Austin Texas}",
  YEAR = "2008"
}


@INPROCEEDINGS{ggvGGV2010,
    author = "{Gao, S.} and {Guan, Y.} and {Volny IV, F.}",
    title = "{A new incremental algorithm for computing Gr\"obner bases}",
    booktitle = "{ISSAC '10: Proceedings of the 2010 international symposium on Symbolic and algebraic computation}",
    year = {2010},
    pages = {13--19},
    publisher = {ACM}
}

@misc{galkinTermination2012,
  AUTHOR = "{Galkin, V.}",
  TITLE = "{Termination of original F5}",
  howpublished = "\url{http://arxiv.org/abs/1203.2402}",
  YEAR = "2012"
}

@misc{galkinSimple2012,
  AUTHOR = "{Galkin, V.}",
  TITLE = "{Simple signature-based Groebner basis algorithm}",
  howpublished = "\url{http://arxiv.org/abs/1205.6050}",
  YEAR = "2012"
}

@misc{gvwGVW2010,
  AUTHOR = "{Gao, S.} AND {Volny IV, F.} AND {Wang, D.}",
  TITLE = "{A new algorithm for computing Groebner bases}",
  howpublished = "\url{http://eprint.iacr.org/2010/641}",
  YEAR = "2010"
}

@misc{gvwGVW2011,
  AUTHOR = "{Gao, S.} AND {Volny IV, F.} AND {Wang, D.}",
  TITLE = "{A new algorithm for computing Groebner bases (rev. 2011)}",
  howpublished = "\url{http://www.math.clemson.edu/~sgao/papers/gvw.pdf}",
  YEAR = "2011"
}

@misc{gvwGVW2013,
  AUTHOR = "{Gao, S.} AND {Volny IV, F.} AND {Wang, D.}",
  TITLE = "{A new algorithm for computing Groebner bases (rev. 2013)}",
  howpublished = "\url{http://www.math.clemson.edu/~sgao/papers/gvw_R130704.pdf}",
  YEAR = "2013"
}

@article{gvwGVW2015,
year={2016},
issn="{1088-6842(online), 0025-5718(print)}",
journal={Mathematics of Computation, American Mathematical Society},
  TITLE = "{A new framework for computing Gr\"obner bases}",
url={http://www.ams.org/journals/mcom/0000-000-00/S0025-5718-2015-02969-X/home.html},
publisher={Springer US},
volume="85",
pages = "449--465",
AUTHOR = "{Gao, S.} AND {Volny IV, F.} AND {Wang, M.}",
}

@BOOK{vonZurGathen2003,
  author    = "{Gathen, J. von zur} AND {Gerhard, J.}",
  title     = "{Modern Computer Algebra}",
  publisher = "{Cambridge University Press, Cambridge, England}",
  edition   = "{2nd}",
  year      = {2003}
}

@Article{ gerdtFGLMInvolutive2003,
  AUTHOR = "{Gerdt, V. P.} AND {Yanovich, D. A.}",
  TITLE = "{Implementation of the FGLM Algorithm and Finding Roots of Polynomial 
  Involutive Systems}",
  JOURNAL = "{Programming and Computer Software}",
  VOLUME = "29",
  PAGES = "72--74",
  YEAR = "2003"
}

@article{gerdtHashemiG2V,
 author = "{Gerdt, V. P.} AND {Hashemi, A.}",
 title = "{On the use of Buchberger criteria in G2V algorithm for calculating Gr\"obner bases}",
 journal = {Program. Comput. Softw.},
 issue_date = {March 2013},
 volume = {39},
 number = {2},
 month = mar,
 year = {2013},
 issn = {0361-7688},
 pages = {81--90},
 numpages = {10},
 url = {http://dx.doi.org/10.1134/S0361768813020047},
 doi = {10.1134/S0361768813020047},
 acmid = {2459039},
 publisher = {Plenum Press},
 address = {New York, NY, USA},
} 

@article{ghmInvolutiveF5-2013,
  author    = "{Gerdt, V. P.} and {Hashemi, A.} and {M.-Alizadeh, B.}",
  title     = "{Involutive Bases Algorithm Incorporating F5 Criterion}",
  journal   = {J. Symb. Comput.},
  volume    = {59},
  year      = {2013},
  pages     = {1-20},
  ee        = {http://dx.doi.org/10.1016/j.jsc.2013.08.002},
  bibsource = {DBLP, http://dblp.uni-trier.de}
}

@Article{ gerdtInvolutive1998,
  AUTHOR = "{Blinkov, Y. A.} AND {Gerdt, V. P.}",
  TITLE = "{Involutive bases of polynomial ideals}",
  JOURNAL = "{Mathematics and Computers in Simulation}",
  VOLUME = "45",
  PAGES = "519--541",
  YEAR = "1998"
}

@article{ gerdtMinimalInvolutive1998,
 author = "{Blinkov, Y. A.} AND {Gerdt, V. P.}",
 title = "{Minimal involutive bases}",
 journal = "{Math. Comput. Simul.}",
 volume = {45},
 issue = {5-6},
 month = {March},
 year = {1998},
 issn = {0378-4754},
 pages = {543--560},
 numpages = {18},
 url = {http://portal.acm.org/citation.cfm?id=284078.284099},
 doi = {10.1016/S0378-4754(97)00128-6},
 acmid = {284099},
 publisher = {Elsevier Science Publishers B. V.},
 address = {Amsterdam, The Netherlands, The Netherlands},
 keywords = {Gr\"{o}bner bases, computer algebra, involutive algorithm, involutive monomial division, minimal involutive bases, polynomial ideals},
} 

@article{gerdtParallel2005,
 author = "{Gerdt, V. P.} and {Yanovich, D. A.}",
 title = "{Parallel computation of Janet and Gr\"obner bases over rational numbers}",
 journal = "{Program. Comput. Softw.}",
 volume = {31},
 issue = {2},
 month = {March},
 year = {2005},
 issn = {0361-7688},
 pages = {73--80},
 numpages = {8},
 url = {http://portal.acm.org/citation.cfm?id=1059656.1059714},
 doi = {10.1007/s11086-005-0016-6},
 acmid = {1059714},
 publisher = {Plenum Press},
 address = {New York, NY, USA},
} 

@article{gerdtOptimization2002,
 author =" {Gerdt, V. P.}",
 title = "{On an Algorithmic Optimization in Computation of Involutive Bases}",
 journal = "{Program. Comput. Softw.}",
 volume = {28},
 issue = {2},
 month = {March},
 year = {2002},
 issn = {0361-7688},
 pages = {62--65},
 numpages = {4},
 url = {http://portal.acm.org/citation.cfm?id=597424.597487},
 doi = {10.1023/A:1014816631983},
 acmid = {597487},
 publisher = {Plenum Press},
 address = {New York, NY, USA},
} 

@Article{ gordan1899,
	AUTHOR = "{Gordan, P.}",
	TITLE = "{Neuer Beweis des Hilbertschen Satzes \"uber homogene Funktionen}",
	JOURNAL = "{Nachrichten K\"onig. Ges. der Wiss. zu G\"ött.}",
  pages = {240--242},
	YEAR = "1899"
}

@Article{ groebner1939,
	AUTHOR = "{Gr\"obner, W.}",
	TITLE = "{\"Uber die algebraischen Eigenschaften der Integrale von linearen
    Differentialgleichungen mit konstanten Koeffizienten}",
	JOURNAL = "{Mohatsh. der Mathematik}",
  number = {47},
  pages = {247--284},
	YEAR = "1939"
}

@Article{ gashF5t2009,
	AUTHOR = "{Gash, J. M.}",
	TITLE = "{A provably terminating and speed-competitive variant of F5 -- F5t}",
	JOURNAL = "{submitted to the Journal of Symbolic Computation}",
	YEAR = "2009"
}

@PhDThesis{ gashPhD2008,
	AUTHOR = "{Gash, J. M.}",
	TITLE = "{On efficient computation of Gr\"obner bases}",
	YEAR = "2008",
	School = "University of Indiana, Bloomington, IN"
}

@inproceedings{gmStaggered1986,
 author = "{Gebauer, R.} and {M\"{o}ller, H. M.}",
 title = "{Buchberger's algorithm and staggered linear bases}",
 booktitle = "{Proceedings of the fifth ACM symposium on Symbolic and algebraic computation}",
 series = "{SYMSAC '86}",
 year = {1986},
 isbn = {0-89791-199-7},
 location = {Waterloo, Ontario, Canada},
 pages = {218--221},
 numpages = {4},
 url = {http://doi.acm.org/10.1145/32439.32482},
 doi = {http://doi.acm.org/10.1145/32439.32482},
 acmid = {32482},
 publisher = {ACM},
 address = {New York, NY, USA},
} 

@Article{ gmInstallation1988,
	AUTHOR = "{Gebauer, R.} AND {M{\"o}ller, H. M.}",
	TITLE = "{On an installation of Buchberger's algorithm}",
	JOURNAL = "{Journal of Symbolic Computation}",
	VOLUME = "6",
  NUMBER = "2-3",
  PAGES = "275--286",
  MONTH = "October/December",
	YEAR = "1988"
}

@Article{ ggmnppss1994,
  AUTHOR = "{Grassmann, H.} AND {Greuel, G.-M.} AND {Martin, W.} AND {Neumann, 
  W.} AND {Pfister, G.} AND {Pohl, W.} AND {Sch\"onemann, H.} AND {Siebert, 
  T.}",
  TITLE = "{Standard Bases, Syzygies and their implementation in {\sc 
  Singular}}",
  JOURNAL = "{Beitr\"age zur angewandten Analysis und Informatik, Aachen}",
  PAGES = "69--96",
  YEAR = "1994"
}

@InProceedings{ gmnrtSugarCube1991,
	AUTHOR = "{Giovini, A.} AND {Mora, T.} AND {Niesi, G.} AND {Robbiano, L.} AND
  {Traverso, C.}",
	TITLE = "{``One sugar cube, please'' or selection strategies in the Buchberger
  algorithm}",
  booktitle = "ISSAC'91",
	YEAR = "1991",
  PAGES = "49--54"
}

@inproceedings{ giusti1984,
  author    = "{Marc Giusti}",
  title     = "{Some Effectivity Problems in Polynomial Ideal Theory}",
  booktitle = "{EUROSAM}",
  number    = "{Computation}",
  year      = "{1984}",
  pages     = {159--171},
  crossref  = {DBLP:conf/eurosam/1984},
  bibsource = {DBLP, http://dblp.uni-trier.de}
}

@inproceedings{ giusti1985,
  author    = "{Giusti, M.}",
  title     = "{A Note on the Complexity of Constructing Standard Bases}",
  booktitle = "{European Conference on Computer Algebra (2)}",
  year      = "{1985}",
  pages     = {411--412},
  crossref  = {DBLP:conf/eurocal/1985-2},
  bibsource = {DBLP, http://dblp.uni-trier.de}
}

@inproceedings{ giusti1987,
  author    = "{Giusti, M.}",
  title     = "{Complexity of standard bases in projective dimension zero}",
  booktitle = "{EUROCAL}",
  year      = "{1987}",
  pages     = {333--335},
  crossref  = {DBLP:conf/eurocal/1987},
  bibsource = {DBLP, http://dblp.uni-trier.de}
}

@inproceedings{ giusti1990,
  author    = "{Giusti, M.}",
  title     = "{Complexity of Standard Bases in Projective Dimension Zero
               II}",
  booktitle = "{AAECC}",
  year      = {1990},
  pages     = {322--328},
  ee        = {http://dx.doi.org/10.1007/3-540-54195-0_61},
  crossref  = {DBLP:conf/aaecc/1990},
  bibsource = {DBLP, http://dblp.uni-trier.de}
}

@Misc{gfan,
     author = "{Jensen, A. N.}",
     title = "{{G}fan, a software system for {G}r{\"o}bner fans and tropical 
     varieties}",
     howpublished = "{Available at
     http://www.math.tu-berlin.de\-/~jensen\-/software\-/gfan/gfan.html}"
} 

@Article{ golubitskyConverging2005,
  AUTHOR = "{Golubitsky, O. D.}",
  TITLE = "{Converging term order sequences and the dynamic Buchberger 
  algorithm}",
  YEAR = "2005"
}

@Article{ gpLocalStuff1996,
  AUTHOR = "{Greuel, G.-M.} AND {Pfister, G.}",
  TITLE = "{Advances and Improvements in the Theory of Standard Bases and 
  Syzygies}",
  JOURNAL = "{Archiv der Mathematik}",
  VOLUME = "66",
  PAGES = "163--176",
  YEAR = "1996"
}

@Book{ gpSingularBook2007,
	AUTHOR = "{Greuel, G.-M.} AND {Pfister, G.}",
	TITLE = "{A {\sc Singular} Introduction to Commutative Algebra}",
	edition = "{2nd}",
	PUBLISHER = "{Springer Verlag}",
	YEAR = "2007"
}

@Manual{ graebeSymbolicData,
  AUTHOR = "{Gr\"abe, H.-G.}",
  TITLE = "{The SymbolicData Project -- Tools and Data for Testing Computer 
  Algebra Software}",
  NOTE = "{\url{http://www.symbolicdata.org} }",
  YEAR = "2011"
}

@Article{ graebe1994,
  AUTHOR = "{Gr\"abe, H.-G.}",
  TITLE = "{The Tangent Cone Algorithm and Homogenization}",
  JOURNAL = "{Journal of Pure and Applied Algebra}",
  VOLUME = "97",
  PAGES = "303--312",
  YEAR = "1994"
}

@Article{ graebeLucky1994,
  AUTHOR = "{Gr\"abe, H.-G.}",
  TITLE = "{On lucky primes}",
  JOURNAL = "{Journal of Symbolic Computation}",
  VOLUME = "15",
  PAGES = "199--209",
  YEAR = "1994"
}

@Article{ grauert1972,
  AUTHOR = "{Grauert, H.}",
  TITLE = "{\"Uber die Deformation isolierter Singularit\"aten analytischer 
  Mengen}",
  JOURNAL = "{Inventiones Mathematicae}",
  VOLUME = "15",
  NUMBER = "3",
  PAGES = "171--198",
  YEAR = "1972"
}

@Book{ groebner&coding2009,
  editor = "{Sala, M.} AND {Mora, T.} and {Perret, L.} and {Sakata, S.} and 
  {Traverso, C.}",
  TITLE = "{Gr\"obner Bases, Coding, and Cryptography}",
  PUBLISHER = "{Springer Verlag}",
  YEAR = "2009"
}

%%%%%%%%%%%%%%%%%%%%%%%%#
%%%%%%%%%% H %%%%%%%%%%%%
%%%%%%%%%%%%%%%%%%%%%%%%#

@Book{ harris2010,
  AUTHOR = "{Harris, J.}",
  TITLE = "{Algebraic Geometry -- A first course}",
  PUBLISHER = "{Graduate Texts in Mathematics, Springer Verlag}",
  edition = "{3rd}",
  YEAR = "2010"
}

@Book{ hartshorne1997,
  AUTHOR = "{Hartshorne, R.}",
  TITLE = "{Algebraic Geometry}",
  edition = "{8th}",
  PUBLISHER = "{Graduate Texts in Mathematics, Springer Verlag}",
  YEAR = "1997"
}

@article{hbrInvariantG2V,
author="{Hashemi, A.} AND {Benyamin, M.-A.} AND {Riahi, M.}",
year={2012},
issn={1674-7283},
journal={Science China Mathematics},
doi={10.1007/s11425-012-4506-8},
title="{Invariant G2V algorithm for computing SAGBI-Gr\"obner bases}",
url={http://dx.doi.org/10.1007/s11425-012-4506-8},
publisher={SP Science China Press},
pages={1-15},
language={English}
}

@Article{ hironaka11964,
  AUTHOR = "{Hironaka, H.}",
  TITLE = "{Resolution of Singularities of an Algebraic Variety over a Field of 
  Characteristic Zero: I}",
  JOURNAL = "{Annals of Mathematics}",
  VOLUME = "79",
  NUMBER = "1",
  PAGES = "109--203",
  YEAR = "1964"
}

@Article{ hironaka21964,
  AUTHOR = "{Hironaka, H.}",
  TITLE = "{Resolution of Singularities of an Algebraic Variety over a Field of 
  Characteristic Zero: II}",
  JOURNAL = "{Annals of Mathematics}",
  VOLUME = "79",
  NUMBER = "2",
  PAGES = "205--326",
  YEAR = "1964"
}

@misc{ huang2010,
 author = "{Huang, L.}",
 title = "{A new conception for computing Gr\"obner basis and its applications}",
 journal = "{}",
 volume = {abs/1012.5425},
 year = {2010},
 howpublished = "\url{http://arxiv.org/abs/1012.5425}"
} 

@Book{ shIntegralClosure2011,
  AUTHOR = "{Swanson, I.} AND {Huneke, C.}",
  TITLE = "{Integral Closure of Ideals, Rings, and Modules}",
  PUBLISHER = "{London Mathematical Society, Lecture Note Series 336}",
  YEAR = "2011"
}
%%%%%%%%%%%%%%%%%%%%%%%%#
%%%%%%%%%% I %%%%%%%%%%%%
%%%%%%%%%%%%%%%%%%%%%%%%#

@Article{ ipsModularSingular2011,
  AUTHOR = "{Idrees, N.} AND {Pfister, G.} AND {Steidel, S.}",
  TITLE = "{Parallelization of Modular Algorithms}",
  JOURNAL = "{Journal of Symbolic Computation}",
  VOLUME = "46",
  PAGES = "672--684",
  YEAR = "2011"
}

%%%%%%%%%%%%%%%%%%%%%%%%#
%%%%%%%%%% J %%%%%%%%%%%%
%%%%%%%%%%%%%%%%%%%%%%%%#

@article{janetInvolutive1920,
  author    = "{Janet, M.}",
  title     = "{Sur les syst\`emes d'equations aux D\'eriv\'ees Partielles}",
  journal   = "{Gauthier-Villars, Paris}",
  year      = {1920}
}

@incollection{ jouxVariantF42011,
   author = "{Joux, A.} and {Vitse, V.}",
   affiliation = "{Direction Générale de l’Armement (DGA)}",
   title = "{A Variant of the F4 Algorithm}",
   booktitle = "{Topics in Cryptology -- CT-RSA 2011}",
   series = "{Lecture Notes in Computer Science}",
   editor = "{Kiayias, Aggelos}",
   publisher = "{Springer Berlin / Heidelberg}",
   pages = {356--375},
   volume = {6558},
   year = {2011}
}

%%%%%%%%%%%%%%%%%%%%%%%%#
%%%%%%%%%% K %%%%%%%%%%%%
%%%%%%%%%%%%%%%%%%%%%%%%#
@article{kapur-et-al-1988,
 author = "{Kapur, D.} AND {Musser, D. R.} AND {Narendran, P.}",
 title = {Only Prime Superpositions Need Be Considered in the Knuth-Bendix Completion Procedure},
 journal = {Journal of Symbolic Computation},
 issue_date = {August 1988},
 volume = {6},
 number = {1},
 month = aug,
 year = {1988},
 issn = {0747-7171},
 pages = {19--36},
 numpages = {18},
 url = {http://dx.doi.org/10.1016/S0747-7171(88)80019-1},
 doi = {10.1016/S0747-7171(88)80019-1},
 acmid = {50671},
 publisher = {Academic Press, Inc.},
 address = {Duluth, MN, USA},
} 

@InProceedings{kapur-cp3,
author="Kandri-Rody, A.
and Kapur, D.",
editor="Fitch, John",
title="Algorithms for computing Gr{\"o}bner bases of polynomial ideals over various Euclidean rings",
booktitle="EUROSAM 84",
year="1984",
publisher="Springer Berlin Heidelberg",
address="Berlin, Heidelberg",
pages="195--206",
abstract="Algorithms for computing Gr{\"o}bner bases of polynomial ideals over integers, Gaussian integers and univariate polynomials over a field are discussed. Each of these algorithms takes an ideal specified by a finite set of polynomials as its input; the result is another finite basis of the ideal which can be used to simplify polynomials such that every polynomial in the ideal simplifies to 0 and every polynomial in the polynomial ring simplifies to a unique normal form. These algorithms are closely related to each other and they are extensions of Buchberger's algorithm for computing a Gr{\"o}bner basis of polynomial ideals over a field. A general theorem exhibiting the uniqueness of a reduced Gr{\"o}bner basis of an ideal, determined by the ordering used on indeterminates and other conditions, is given.",
isbn="978-3-540-38893-7"
}

@article{kapur-madlener-sagbi-1989,
  author    = "{Kapur, D.} and {Madlener, K.}",
  title     = "{A completion procedure for computing a canonical basis for a
    k-subalgebra}",
  journal   = {Computers and Mathematics},
  year      = {1989},
  pages     = {1--11}
}

@article{kw-solvable-type-1990,
  author    = "{Kandri-Rody, A.} and {Weispfenning, V.}",
  title     = "{Non-Commutative Gr{\"o}bner Bases in Algebras of Solvable
               Type}",
  journal   = {Journal of Symbolic Computation},
  volume    = {9},
  number    = {1},
  year      = {1990},
  pages     = {1--26},
  ee        = {http://dx.doi.org/10.1016/S0747-7171(08)80003-X},
  bibsource = {DBLP, http://dblp.uni-trier.de}
}

@article{Kobayash11988,
 author = "{Kobayashi, H.} and {Fujise, T.} and {Furukawas, A.}",
 title = "{Solving systems of algebraic equations by a general elimination method}",
 journal = "{Journal of Symbolic Computation}",
 volume = {5},
 issue = {3},
 month = {June},
 year = {1988},
 issn = {0747-7171},
 pages = {303--320},
 numpages = {18},
 url = {http://dx.doi.org/10.1016/S0747-7171(88)80032-4},
 doi = {http://dx.doi.org/10.1016/S0747-7171(88)80032-4},
 acmid = {50685},
 publisher = "{Academic Press, Inc.}",
 address = "{Duluth, MN, USA}"
} 

@article{ kalkbrener1999,
 author = "{Kalkbrener, M.}",
 title = "{On the complexity of Gr\"obner Bases Conversion}",
 journal = "{Journal of Symbolic Computation}",
 volume = {28},
 year = {1999},
 pages = {265--273}
} 

@unpublished{ kleineModularGB2002,
  author = "{de Kleine, J.} AND {Monagan, M.}",
  title = "{A Modular Method for computing Gr\"obner bases}"
}

@ARTICLE{kehrein-kreuzer-2005,
    author = "{Kehrein, A.} AND {Kreuzer, M.}",
    title = "{Characterization of border bases}",
    journal = "{Journal of Pure and Applied Algebra}",
    volume = {196},   
    year = {2005},
    pages = {251--270}
}

@ARTICLE{kehrein-kreuzer-2006,
    author = "{Kehrein, A.} AND {Kreuzer, M.}",
    title = "{Computing border bases}",
    journal = "{Journal of Pure and Applied Algebra}",
    volume = {205},   
    year = {2006},
    pages = {279--295}
}

@article{Kobayash11988,
 author = "{Kobayashi, H.} and {Fujise, T.} and {Furukawas, A.}",
 title = "{Solving systems of algebraic equations by a general elimination method}",
 journal = "{Journal of Symbolic Computation}",
 volume = {5},
 issue = {3},
 month = {June},
 year = {1988},
 issn = {0747-7171},
 pages = {303--320},
 numpages = {18},
 url = {http://dx.doi.org/10.1016/S0747-7171(88)80032-4},
 doi = {http://dx.doi.org/10.1016/S0747-7171(88)80032-4},
 acmid = {50685},
 publisher = "{Academic Press, Inc.}",
 address = "{Duluth, MN, USA}"
} 

@inproceedings{Kobayashi21988,
 author = "{Kobayashi, H.} and {Moritsugu, S.} and {Hogan, R. W.}",
 title = "{Solving Systems of Algebraic Equations}",
 booktitle = "{Proceedings of the International Symposium ISSAC'88 on Symbolic and Algebraic Computation}",
 series = "{ISAAC '88}",
 year = {1989},
 isbn = {3-540-51084-2},
 pages = {139--149},
 numpages = {11},
 url = {http://portal.acm.org/citation.cfm?id=646361.690612},
 acmid = {690612},
 publisher = "{Springer-Verlag}",
 address = "{London, UK}"
} 

@article{kollBuchberger1978,
 author = "{Kollreider, C.} AND {Buchberger, B.}",
 title = "{An improved algorithmic construction of Gr\"obner-bases for polynomial 
 ideals}",
 journal = "{SIGSAM Bull.}",
 volume = {12},
 issue = {2},
 month = {May},
 year = {1978},
 issn = {0163-5824},
 pages = {27--36},
 numpages = {10},
 url = {http://doi.acm.org/10.1145/1088261.1088267},
 doi = {http://doi.acm.org/10.1145/1088261.1088267},
 acmid = {1088267},
 publisher = {ACM},
 address = {New York, NY, USA},
} 

@article{ kornerupFarey1983,
   author = "{Kornerup, P.} AND {Gregory, R. T.}",
   affiliation = "{Computer Science Dept. Aarhus University Ny Munkegade DK-8000 
   Aarhus Denmark}",
   title = "{Mapping integers and hensel codes onto Farey fractions}",
   journal = "{BIT Numerical Mathematics}",
   publisher = "{Springer Netherlands}",
   issn = {0006-3835},
   keyword = {Mathematics and Statistics},
   pages = {9--20},
   volume = {23},
   issue = {1},
   url = {http://dx.doi.org/10.1007/BF01937322},
   note = {10.1007/BF01937322},
   year = {1983}
}

@Book{ krCCA12009,
  AUTHOR = "{Kreuzer, M.} AND {Robbiano, L.}",
  TITLE = "{Computational Commutative Algebra 1}",
  edition = "{2nd}",
  PUBLISHER = "{Springer Verlag}",
  YEAR = "2009"
}

@Book{ krCCA22005,
  AUTHOR = "{Kreuzer, M.} AND {Robbiano, L.}",
  TITLE = "{Computational Commutative Algebra 2}",
  edition = "{1st}",
  PUBLISHER = "{Springer Verlag}",
  YEAR = "2005"
}

@inproceedings{kmExpspaceGB1996,
  author    = "{K\"uhnle, K.} AND {Mayr, E. W.}",
  title     = "{Exponential space computation of Gr\"obner bases}",
  booktitle = "{Proceedings of the International Symposium on Symbolic and 
  Algebraic Computation, ISSAC 96, Z\"urich, July 24-26}",
  year      = {1996},
  pages     = {63--71}
}

@article{kapur1988,
title = "{Computing a Gröbner basis of a polynomial ideal over a Euclidean
  domain}",
journal = "Journal of Symbolic Computation",
volume = "6",
number = "1",
pages = "37 - 57",
year = "1988",
note = "",
issn = "0747-7171",
doi = "http://dx.doi.org/10.1016/S0747-7171(88)80020-8",
url = "http://www.sciencedirect.com/science/article/pii/S0747717188800208",
author = "{Kandri-Rody, A.} and {Kapur, D.}",

}

%%%%%%%%%%%%%%%%%%%%%%%%#
%%%%%%%%%% L %%%%%%%%%%%%
%%%%%%%%%%%%%%%%%%%%%%%%#

@PhdThesis{ lachartre-thesis,
	AUTHOR = "{Lachartre, S.}",
	TITLE = "{Alg\`ebre lin\'eaire dans la r\'esolution de syst\`emes polynomiaux,
applications en cryptologie}",
	school = "{L'universit\'e Pierre et Marie Curie -- Paris VI}",
	YEAR = "2008"
}

@article{lazard1977,
  author    = "{Lazard, D.}",
  title     = "{Alg\`ebre lin\'eaire sur $\K[x_1,\ldots,x_n]$ et \'elimination}",
  journal   = "{Bull. Soc. Math. France}",
  volume    = {105},
  year      = {1977},
  pages     = {165-190}
}

@article{lazard1981,
  author    = "{Lazard, D.}",
  title     = "{Resolution des Systemes d'Equations Algebriques}",
  journal   = "{Theor. Comput. Sci.}",
  volume    = {15},
  year      = {1981},
  pages     = {77-110}
}

@inproceedings{lazard1979,
  author    = "{Lazard, D.}",
  title     = "{Systems of algebraic equations}",
  booktitle = "{EUROSAM}",
  year      = {1979},
  pages     = {88--94},
  crossref  = {DBLP:conf/eurosam/1979},
  bibsource = {DBLP, http://dblp.uni-trier.de}
}

@InProceedings{ laz83,
	author = "Lazard, D.",
	title = "Gr{\"o}bner Bases, {G}aussian Elimination and Resolution of Systems of Algebraic Equations",
	booktitle = "EUROCAL'83, European Computer Algebra Conference",
	series = "Springer LNCS",
	pages = "146--156",
	editor = "J. A. {van Hulzen}",
	year = "1983",
	volume = "162"
}

@article{lazard1992,
  author    = "{Lazard, D.}",
  title     = "{Solving zero-dimensional algebraic systems}",
  journal   = "{Journal of Symbolic Computation}",
  volume    = {13},
  number    = {2},
  year      = {1992},
  pages     = {117-131}
}

@article{lin2004,
 author = {Lin, H. X.},
 title = {Graph transformation and designing parallel sparse matrix algorithms beyond data dependence analysis},
 journal = {Sci. Program.},
 issue_date = {April 2004},
 volume = {12},
 number = {2},
 month = apr,
 year = {2004},
 issn = {1058-9244},
 pages = {91--100},
 numpages = {10},
 url = {http://dl.acm.org/citation.cfm?id=1240131.1240136},
 acmid = {1240136},
 publisher = {IOS Press},
 address = {Amsterdam, The Netherlands, The Netherlands},
 keywords = {graph transformation, parallel matrix algorithm, unifying graph model},
} 

@article{lichtblau2012,
  author = {Lichtblau, Daniel},
  fjournal = {Illinois Journal of Mathematics},
  journal = "{Illinois J. Math.}",
  number = {1},
  pages = {177--194},
  publisher = "{University of Illinois at Urbana-Champaign, Department of
    Mathematics}",
  title = "{Effective computation of strong Gröbner bases over Euclidean
    domains}",
  url = {http://projecteuclid.org/euclid.ijm/1380287466},
  volume = {56},
  year = {2012}
}

%%%%%%%%%%%%%%%%%%%%%%%%#
%%%%%%%%%% M %%%%%%%%%%%%
%%%%%%%%%%%%%%%%%%%%%%%%#
@book{mora_2005, place={Cambridge}, series={Encyclopedia of Mathematics and its Applications}, title={Solving Polynomial Equation Systems II: Macaulay's Paradigm and Gröbner Technology}, DOI={10.1017/CBO9781107340954}, publisher={Cambridge University Press}, author={Mora, Teo}, year={2005}, collection={Encyclopedia of Mathematics and its Applications}}

@book{mora_2016, place={Cambridge}, series={Encyclopedia of Mathematics and its Applications}, title={Solving Polynomial Equation Systems IV}, volume={4}, DOI={10.1017/CBO9781316271902}, publisher={Cambridge University Press}, author={Mora, Teo}, year={2016}, collection={Encyclopedia of Mathematics and its Applications}}

@article{mueller-olm-seidl-2004,
  author    = {Markus M{\"{u}}ller{-}Olm and
               Helmut Seidl},
  title     = {Computing polynomial program invariants},
  journal   = {Inf. Process. Lett.},
  volume    = {91},
  number    = {5},
  pages     = {233--244},
  year      = {2004},
  url       = {http://dx.doi.org/10.1016/j.ipl.2004.05.004},
  doi       = {10.1016/j.ipl.2004.05.004},
  timestamp = {Wed, 17 Nov 2004 14:42:59 +0100},
  biburl    = {http://dblp.uni-trier.de/rec/bib/journals/ipl/Muller-OlmS04},
  bibsource = {dblp computer science bibliography, http://dblp.org}
}


@inproceedings{mueller-olm-petter-seidl-2006,
  author    = {Markus M{\"{u}}ller{-}Olm and
               Michael Petter and
               Helmut Seidl},
  title     = {Interprocedurally Analyzing Polynomial Identities},
  booktitle = {{STACS} 2006, 23rd Annual Symposium on Theoretical Aspects of Computer
               Science, Marseille, France, February 23-25, 2006, Proceedings},
  pages     = {50--67},
  year      = {2006},
  crossref  = {DBLP:conf/stacs/2006},
  url       = {http://dx.doi.org/10.1007/11672142_3},
  doi       = {10.1007/11672142_3},
  timestamp = {Mon, 15 Jun 2015 19:00:08 +0200},
  biburl    = {http://dblp.uni-trier.de/rec/bib/conf/stacs/Muller-OlmPS06},
  bibsource = {dblp computer science bibliography, http://dblp.org}
}

@proceedings{DBLP:conf/stacs/2006,
  editor    = {Bruno Durand and
               Wolfgang Thomas},
  title     = {{STACS} 2006, 23rd Annual Symposium on Theoretical Aspects of Computer
               Science, Marseille, France, February 23-25, 2006, Proceedings},
  series    = {Lecture Notes in Computer Science},
  volume    = {3884},
  publisher = {Springer},
  year      = {2006},
  url       = {http://dx.doi.org/10.1007/11672142},
  doi       = {10.1007/11672142},
  isbn      = {978-3-540-32301-3},
  timestamp = {Mon, 15 Jun 2015 19:00:08 +0200},
  biburl    = {http://dblp.uni-trier.de/rec/bib/conf/stacs/2006},
  bibsource = {dblp computer science bibliography, http://dblp.org}
}



@BOOK{maple15,
author = "{Monagan, M.} and {Geddes, K. O.} and {Heal, K. M.} and {Pearce, R.}
and {Labahn, G.} and {Vorkoetter, S. M.} and {McCarron, J.} and {DeMarco, P.}",
title = "{Maple~15 Programming Guide}",
publisher = "{Maplesoft}", 
year = {2011},
volume = {},
series = {},
address = {Waterloo ON, Canada},
edition = {},
month = {},
note = {},
key = {},
annote = {In acknowledging any {Maple} work, a statement similar
to the following should be used. (Changes with respect to the
exact use of {Maple} are expected.) ``The computations in this paper
were performed by using Maple${}^\mathrm{TM}$."},
} 

@BOOK{maple18,
author = "{Monagan, M.} and {Geddes, K. O.} and {Heal, K. M.} and {Pearce, R.}
and {Labahn, G.} and {Vorkoetter, S. M.} and {McCarron, J.} and {DeMarco, P.}",
title = "{Maple~18 Programming Guide}",
publisher = "{Maplesoft}", 
year = {2014},
volume = {},
series = {},
address = {Waterloo ON, Canada},
edition = {},
month = {},
note = {},
key = {},
annote = {In acknowledging any {Maple} work, a statement similar
to the following should be used. (Changes with respect to the
exact use of {Maple} are expected.) ``The computations in this paper
were performed by using Maple${}^\mathrm{TM}$."},
} 

@InProceedings{ mandache1994,
	title = "{The Gr\"obner basis algorithm and subresultant theory}",
  booktitle = "{ISSAC'94 Proceedings}",
	author = "{Mandache, A. M.}",
	year = "1994",
	pages = "123--128"
}

@ARTICLE{mmm93,
    author = "{Marinari, M. G.} and {M\"oller, H. M.} and {Mora, T.}",
    title = "{Gr\"obner Bases Of Ideals Defined By Functionals With An Application To Ideals Of Projective Points}",
    journal = "{Appl. Alg. in Eng. Comm. and Comp.}",
    volume = "{4}",
    pages = "{103--145}",
    year = {1993}
}

@MastersThesis{ martani-thesis,
	AUTHOR = "{Martani, F.}",
	TITLE = "{Faug\`ere-Lachartre Parallel Gaussian Elimination for Gr\"obner
    Bases computations over finite fields -- Implementations and new algorithms}",
	school = "{L'universit\'e Pierre et Marie Curie -- Paris VI}",
	YEAR = "2012"
}

@inproceedings{mayr-ritscher-2010,
  author    = "{Mayr, E. W.} and {Ritscher, S.}",
  title     = "{Degree bounds for Gr{\"o}bner bases of low-dimensional
               polynomial ideals}",
  booktitle = {ISSAC},
  year      = {2010},
  pages     = {21-27},
  ee        = {http://doi.acm.org/10.1145/1837934.1837945},
  crossref  = {DBLP:conf/issac/2010},
  bibsource = {DBLP, http://dblp.uni-trier.de}
}

@proceedings{DBLP:conf/issac/2010,
  editor    = {Wolfram Koepf},
  title     = {Symbolic and Algebraic Computation, International Symposium,
               ISSAC 2010, Munich, Germany, July 25-28, 2010, Proceedings},
  booktitle = {ISSAC},
  publisher = {ACM},
  year      = {2010},
  isbn      = {978-1-4503-0150-3},
  bibsource = {DBLP, http://dblp.uni-trier.de}
}

@inproceedings{mayr-ritscher-2011,
  author    = "{Mayr, E. W.} and {Ritscher, S.}",
  title     = "{Space-efficient Gr{\"o}bner basis computation without degree
               bounds}",
  booktitle = {ISSAC},
  year      = {2011},
  pages     = {257-264},
  ee        = {http://doi.acm.org/10.1145/1993886.1993926},
  crossref  = {DBLP:conf/issac/2011},
  bibsource = {DBLP, http://dblp.uni-trier.de}
}

@proceedings{DBLP:conf/issac/2011,
  editor    = "{{\'E}ric Schost and
               Ioannis Z. Emiris}",
  title     = {Symbolic and Algebraic Computation, International Symposium,
               ISSAC 2011 (co-located with FCRC 2011), San Jose, CA, USA,
               June 7-11, 2011, Proceedings},
  booktitle = {ISSAC},
  publisher = {ACM},
  year      = {2011},
  isbn      = {978-1-4503-0675-1},
  bibsource = {DBLP, http://dblp.uni-trier.de}
}

@ARTICLE{mayr1997,
  author = "{Mayr, E. W.}",
  title = "{Some complexity results for polynomial ideals}",
  journal = "{Journal of Complexity}",
  year = {1997},
  volume = {13},
  pages = {303--325},
  number = {3}
}

@InProceedings{ mpParallelPolyMult2009,
  title = "{Parallel Sparse Polynomial Multiplication Using Heaps}",
  booktitle = "{ISSAC 2009}",
  author = "{Monagan, M.} AND {Pearce, R.}",
  year = "2009",
  pages = "295--315"
}

@InProceedings{ mpParallelPolyDiv2010,
  title = "{Parallel Sparse Polynomial Division Using Heaps}",
  booktitle = "{PASCO 2010 in Grenoble, France}",
  author = "{Monagan, M.} AND {Pearce, R.}",
  year = "2010",
  pages = "105--111"
}

@PhDThesis{ moreno-socias-1991,
	AUTHOR = "{Moreno-Soc\'ias, G.}",
	TITLE = "{Autour de la fonction de hilbert-samuel(escaliers d'id\'eaux
    polynomiaux)}",
	YEAR = "1991",
	school = "\'Ecole Polytechnique"
}

@ARTICLE{moreno-snellman-2002,
  author = "{Moreno-Soc\'ias, G.} and {Snellman, J.}",
  title = "{Some conjectures about the Hilbert series of generic ideals in the exterior algebra}",
  journal = "{Homology, Homotopy \& Applications}",
  year = {2002},
  volume = {4},
  pages = {409--426},
  number = {2}
}

@article{moreno-socias-2003,
title = "{Degrevlex Gr\"obner bases of generic complete intersections}",
journal = "{Journal of Pure and Applied Algebra}",
volume = "180",
number = "3",
pages = "263 - 283",
year = "2003",
note = "",
issn = "0022-4049",
doi = "http://dx.doi.org/10.1016/S0022-4049(02)00297-9",
url = "http://www.sciencedirect.com/science/article/pii/S0022404902002979",
author = "{Moreno-Soc\'ias, G.}"
}

@InProceedings{ mxl3,
  title = "{MXL3: An Efficient Algorithm for Computing {G}r{\"o}bner Bases of 
  Zero-Dimensional Ideals}",
	booktitle = "Information, Security and Cryptology --- ICISC 2009",
	series = "Lecture Notes in Computer Science",
	author = "Mohamed Saied Emam Mohamed and Daniel Cabarcas and Jintai Ding and Johannes Buchmann and Stanislav Bulygin",
	year = "2010",
	publisher = "Springer",
	volume = "5984",
	pages = "87--100"
}

@BOOK{macaulay1916,
  author = "{Macaulay, F. S.}",
  title = "{The algebraic theory of modular systems}",
  publisher = "Cambridge University Press",
  year = {1916}
}

@ARTICLE{Macaulay02,
  author = "{Macaulay, F. S.}",
  title = "{On some Formul{\ae} in Elimination}",
  journal = "{Proceedings of the London Mathematical Society}",
  year = {1902},
  volume = {33},
  pages = {3--27},
  number = {1}
}

@ARTICLE{macaulay1939,
  author = "{Macaulay, F. S.}",
  title = "{Some Properties of Enumeration in the Theory of Modular Systems}",
  journal = "{Proceedings of the London Mathematical Society}",
  year = {1939},
  pages = {531--555},
  number = {26}
}

@InProceedings{ mmdegreebounds1984,
  AUTHOR = "{M{\"o}ller, H. M.} AND {Mora, T.}",
  TITLE = "{Upper and lower bounds for the degree of Gr\"obner bases}",
  booktitle = "{EUROSAM 84, Cambridge, July 9--11, 1984}",
  PAGES = "172--183",
  YEAR = "1984"
}

@InProceedings{ mmtSyzygies1992,
  AUTHOR = "{M{\"o}ller, H. M.} AND {Mora, T.} AND {Traverso, C.}",
	TITLE = "{Gr{\"o}bner bases computation using syzygies}",
  booktitle = "{ISSAC 92: Papers from the International Symposium on Symbolic 
  and Algebraic Computation}",
  PAGES = "320--328",
	YEAR = "1992"
}

@InProceedings{ mora82,
  author = "{Mora, T.}",
  title = "{An Algorithm to Compute the Equations of Tangent Cones}",
  SERIES = "{EUROCAM 82, Lecture Notes in Comp. Sci.}",
  year = "{1982}"
}

@BOOK{moraBook2,
    author    = "{Mora, T.}",
    title     = "{Solving Polynomial Equation Systems II:Macaulay's Paradigm and
    Gr\"obner Technology: Macaulay's Paradigm and Gr\"obner Technology: v. 2
    (Encyclopedia of Mathematics and its Applications)}",
    publisher = "{Cambridge University Press}",
    year      = {2005}
} 

@ARTICLE{mrFan1988,
  author = "{Mora, T.} AND {Robbiano, L}",
  title = "{The Gr\"obner fan of an ideal}",
  journal = "{Journal of Symbolic Computation}",
  year = {1988},
  pages = {183--208},
  number = {6}
}

@ARTICLE{moraFGLM2009,
  author = "{Mora, T.}",
  title = "{The FGLM Problem and M\"oller's Algorithm on Zero-dimensional 
  Ideals}",
  journal = "{in Gr\"obner Bases, Coding, and Cryptography, Springer}",
  year = {2009},
  pages = {27--45},
  number = {1}
}

%%%%%%%%%%%%%%%%%%%%%%%%#
%%%%%%%%%% N %%%%%%%%%%%%
%%%%%%%%%%%%%%%%%%%%%%%%#

@incollection{ noro2006,
   author = "{Noro, M.}",
   affiliation = "{Kobe University, Rokko, Kobe, 657-8501 Japan}",
   title = "{An Efficient Implementation for Computing Gr\"obner Bases over Algebraic Number Fields}",
   booktitle = "{Mathematical Software -- ICMS 2006}",
   series = "{Lecture Notes in Computer Science}",
   editor = "{Iglesias, A.} and {Takayama, N.}",
   publisher = "{Springer Berlin / Heidelberg}",
   isbn = {},
   pages = {99--109},
   volume = {4151},
   year = {2006}
}

@incollection{ noroModSyz2009,
   author = "{Noro, M.}",
   affiliation = "{Kobe University Department of Mathematics, Graduate School of 
   Science}",
   title = "{Modular Algorithms for Computing a Generating Set of the Syzygy 
   Module}",
   booktitle = "{Computer Algebra in Scientific Computing}",
   series = "{Lecture Notes in Computer Science}",
   editor = "{Gerdt, V.} and {Mayr, E.} and {Vorozhtsov, E.}",
   publisher = "{Springer Berlin / Heidelberg}",
   isbn = {},
   pages = {259--268},
   volume = {5743},
   year = {2009}
}

%%%%%%%%%%%%%%%%%%%%%%%%#
%%%%%%%%%% P %%%%%%%%%%%%
%%%%%%%%%%%%%%%%%%%%%%%%#

@BOOK{pachter-sturmfels-2005,
    editor    = "{Pachter, L.} AND {Sturmfels, B.}",
    title     = "{Algebraic Statistics for Computational Biology}",
    publisher = "{Cambridge University Press}",
    year      = {2005}
} 

@article{PAN1989,
title = "On the D-bases of polynomial ideals over principal ideal domains",
journal = "Journal of Symbolic Computation",
volume = "7",
number = "1",
pages = "55 - 69",
year = "1989",
issn = "0747-7171",
doi = "https://doi.org/10.1016/S0747-7171(89)80006-9",
url = "http://www.sciencedirect.com/science/article/pii/S0747717189800069",
author = "Luquan Pan",
abstract = "A new reduction, the D-reduction, and new bases, the D-bases, are introduced for polynomial ideals. Every polynomial ideal has a D-basis, and every polynomial in the ideal D-reduces to zero by that basis. A necessary and sufficient condition for testing such bases is given, and a simple algorithm for constructing them is presented. The reductions and Gröner bases that were introduced by Buchberger (1984) and by Kandri-Rody & Kaput (1984b) are extended to B-reductions and B-bases for polynomial ideals over B-domains. The relations between B-bases and D-bases, and between B-bases, are investigated. Finally, we discuss the relation between D-bases and B-bases over Euclidean domains."
}

@misc{ panhuwang2012,
 author = "{Pan, S.} and {Hu, Y.} and {Wang, B.}",
 title = "{The Termination of Algorithms for Computing Gr\"obner Bases}",
 year = {2012},
 howpublished = "\url{http://arxiv.org/abs/1202.3524}"
} 

@inproceedings{ panhuwang2013,
  author = "{Pan, S.} and {Hu, Y.} and {Wang, B.}",
  title = "{The Termination of the F5 Algorithm Revisited}",
  booktitle = "{ISSAC 2013: Proceedings of the 2013 international symposium on Symbolic and algebraic computation}",
  pages = "{291--298}",
  location = "{Boston, USA}",
  year = 2013,
}

@article{PanReconstruction2004,
 author ="{Pan, V. Y.} and {Wang, X.}",
 title = "{On Rational Number Reconstruction and Approximation}",
 journal = "{SIAM J. Comput.}",
 volume = {33},
 issue = {2},
 month = {February},
 year = {2004},
 issn = {0097-5397},
 pages = {502--503},
 numpages = {2},
 url = {http://portal.acm.org/citation.cfm?id=966943.976336},
 doi = {10.1137/S0097539703437181},
 acmid = {976336},
 publisher = "{Society for Industrial and Applied Mathematics}",
 address = {Philadelphia, PA, USA},
 keywords = {LKS algorithm, extended Euclidean algorithm, product tree technique, rational number approximation, rational number reconstruction},
} 

@article{pardue-generic-2010,
title = "{Generic sequences of polynomials}",
journal = "Journal of Algebra ",
volume = "324",
number = "4",
pages = "579 - 590",
year = "2010",
note = "",
issn = "0021-8693",
doi = "http://dx.doi.org/10.1016/j.jalgebra.2010.04.018",
url = "http://www.sciencedirect.com/science/article/pii/S0021869310001948",
author = "{Pardue, K.}",
keywords = "Commutative algebra",
keywords = "Hilbert functions",
keywords = "Gröbner bases",
keywords = "Generic properties "
}


@article{ pauer1992,
title = "{On lucky ideals for Gr\"obner basis computations}",
journal = "{Journal of Symbolic Computation}",
volume = "14",
number = "5",
pages = "471 -- 482",
year = "1992",
note = "",
issn = "0747-7171",
doi = "DOI: 10.1016/0747-7171(92)90018-Y",
url = "http://www.sciencedirect.com/science/article/B6WM7-4F0331G-M/2/beed305571fbed664c16057b9f312b02",
author = "{Pauer, F.}"
}

@article{ pfisterModular2007,
  author    = "{Pfister, G.}",
  title     = "{On Modular Computation of Standard Basis}",
  journal   = "{Analele Stiintifice al Universtitatii Ovidius, Mathematical 
  Series XV}",
  number    = "1",
  pages     = "129 -- 137",
  year      = {2007}
}

@article{pommaret1978,
  author    = "{Pommaret, J. F.}",
  title     = "{Systems of Parital Differential Equations and Lie Pseudogroups}",
  journal   = "{Gordon \& Breach, New York}",
  year      = {1978}
}

@article{posso,
  author    = "{Bini, D. A.} AND {Mourrain, B.}",
  title     = "{Polynomial Test Suite. }",
  note      = "{\url{http://www-sop.inria.fr/saga/POL/}}",
  year      = {2012}
}
%%%%%%%%%%%%%%%%%%%%%%%%#
%%%%%%%%%% R %%%%%%%%%%%%
%%%%%%%%%%%%%%%%%%%%%%%%#

@inproceedings{rs-2012,
 author = "{Roune, B. H.} and {Stillman, M.}",
 title = "{Practical Gr\"obner Basis Computation}",
 booktitle = "{ISSAC 2012: Proceedings of the 2012 international symposium on 
 Symbolic and algebraic computation}",
 year = {2012},
 pages = {},
 numpages = {},
} 

@misc{rs-ext-2012,
  author = "{Roune, B. H.} and {Stillman, M.}",
  title = "{Practical Gr\"obner Basis Computation}",
  howpublished = "\url{http://arxiv.org/abs/1206.6940}",
  YEAR = "2012"
}

@BOOK{hannesPhD2010,
    author    = "{Rau, J.}",
    title     = "{Tropical intersection theory and gravitational descendants: 
    Intersections of tropical cycles and applications to enumerative geometry}",
    publisher = "{S\"udwestdeutscher Verlag f\"ur Hoschulschriften}",
    year      = {2010}
} 

%%%%%%%%%%%%%%%%%%%%%%%%#
%%%%%%%%%% S %%%%%%%%%%%%
%%%%%%%%%%%%%%%%%%%%%%%%#

@article{ sasakiModular1989,
author="{Sasaki, T.} and {Takeshima, T.}",
title="{ Modular Method for Grobner-basis Construction over Q and Solving System 
of Algebraic Equations}",
journal="{Journal of information processing}",
ISSN="03876101",
publisher="{Information Processing Society of Japan (IPSJ)}",
year="1989",
volume="12",
number="4",
pages="371-379",
URL="http://ci.nii.ac.jp/naid/110002673501/en/",
DOI="",
}

@ARTICLE{schwartz1988,
  author = "{Schwartz, N.}",
  title = "{Stability of Gr\"obner bases}",
  journal = "{Journal of Pure and Applied Algebra}",
  year = {1988},
  pages = {171--186},
  number = {53}
}

@Manual{examples-hba,
  AUTHOR = "{Eder, E.} AND {Pfister, G.} AND {Popescu, A.}",
  TITLE = "{Examples for HBA}",
	NOTE =
    "{\url{http://www.mathematik.uni-kl.de/~ederc/download/issac-2017.tar.gz}}",
  YEAR = "2017"
}

@Manual{ singular314,
  AUTHOR = "{Decker, W.} AND {Greuel, G.-M.} AND {Pfister, G.} AND 
  {Sch{\"o}nemann, H.}",
  TITLE = "{{\sc Singular} {3-1-5} --- {A} computer algebra system for 
  polynomial computations}",
	NOTE = "{\url{http://www.singular.uni-kl.de}}",
  YEAR = "2012"
}

@Manual{ singular316,
  AUTHOR = "{Decker, W.} AND {Greuel, G.-M.} AND {Pfister, G.} AND 
  {Sch{\"o}nemann, H.}",
  TITLE = "{{\sc Singular} {3-1-6} --- {A} computer algebra system for 
  polynomial computations}",
	NOTE = "{\url{http://www.singular.uni-kl.de}}",
  YEAR = "2013"
}

@Manual{ singular400,
  AUTHOR = "{Decker, W.} AND {Greuel, G.-M.} AND {Pfister, G.} AND 
  {Sch{\"o}nemann, H.}",
  TITLE = "{{\sc Singular} {4-0-0} --- {A} computer algebra system for 
  polynomial computations}",
	NOTE = "{\url{http://www.singular.uni-kl.de}}",
  YEAR = "2014"
}

@Manual{ singular402,
  AUTHOR = "{Decker, W.} AND {Greuel, G.-M.} AND {Pfister, G.} AND 
  {Sch{\"o}nemann, H.}",
  TITLE = "{\textsc{Singular} {4-0-2} --- {A} computer algebra system for 
  polynomial computations}",
	NOTE = "{\url{http://www.singular.uni-kl.de}}",
  YEAR = "2016"
}

@Manual{ singular410,
  AUTHOR = "{Decker, W.} AND {Greuel, G.-M.} AND {Pfister, G.} AND 
  {Sch{\"o}nemann, H.}",
  TITLE = "{\textsc{Singular} {4-1-0} --- {A} computer algebra system for 
  polynomial computations}",
	NOTE = "{\url{http://www.singular.uni-kl.de}}",
  YEAR = "2016"
}

@Manual{ singular-parallel,
  AUTHOR = "{Steenpa\ss , A.}",
  TITLE = "{\texttt{parallel.lib}. {A} {\sc Singular} library for parallel processes}",
	NOTE = "{\url{http://www.singular.uni-kl.de}}",
  YEAR = "2016"
}

@Manual{ singular-tasks,
  AUTHOR = "{Steenpa\ss , A.}",
  TITLE = "{\texttt{tasks.lib}. {A} {\sc Singular} library for task handling}",
	NOTE = "{\url{http://www.singular.uni-kl.de}}",
  YEAR = "2016"
}

@MastersThesis{ stF5Rev2005,
	AUTHOR = "{Stegers, T.}",
	TITLE = "{Faug{\`e}re's F5 Algorithm revisited}",
	school = "{Technische Univerit{\"a}t Darmstadt}",
	YEAR = "revised version 2007"
}

@MastersThesis{ segers,
	AUTHOR = "{Segers, A. J. M.}",
	TITLE = "{Algebraic Attacks from a Gr{\"o}bner Basis Perspective}",
	school = "{Technische Universit{\"a}t Eindhoven}",
	YEAR = "2004"
}

@misc{ sun2013,
 author = "{Sun, Y.}",
 title = "{Signature-Based Gr\"obner Basis Algorithms --- Extended MMM Algorithm
   for computing Gr\"obner bases}",
 year = {2013},
 howpublished = "\url{http://arxiv.org/abs/1308.2371}"
} 

@misc{ sw2009,
 author = "{Sun, Y.} and {Wang, D. K.}",
 title = "{A New Proof of the F5 Algorithm}",
 journal = "{MM-preprints}",
 volume = "28",
 pages = "74--92",
 year = {2009},
 howpublished = "\url{http://www.mmrc.iss.ac.cn/mmpreprints/}"
} 

@misc{ sw2010,
 author = "{Sun, Y.} and {Wang, D. K.}",
 title = "{A New Proof for the correctness of the F5(F5-like) algorithm}",
 year = {2010},
 howpublished = "\url{http://arxiv.org/abs/1004.0084}"
} 

@ARTICLE{sw2011a,
  author = "{Sun, Y.} and {Wang, D. K.}",
  title = "{The F5 algorithm in Buchberger's style}",
  journal = "{J. Syst. Sci. Complex.}",
  year = {2011},
  pages = {1218--1231},
  volume = {24},
  number = {6}
}

@inproceedings{ sw2011b,
 author = "{Sun, Y.} and {Wang, D. K.}",
 title = "{A generalized criterion for signature related Gr\"obner basis 
 algorithms}",
 booktitle = "{ISSAC 2011: Proceedings of the 2011 international symposium on 
 Symbolic and algebraic computation}",
 year = {2011},
 pages = {337--344},
 numpages = {8},
} 

@misc{ sw2011c,
 author = "{Sun, Y.} and {Wang, D. K.}",
 title = "{Solving detachability problem for the polynomial ring by
   signature-based Gr\"obner basis algorithms}",
 year = {2011},
 howpublished = "\url{http://arxiv.org/abs/1108.1301}"
} 

@inproceedings{ swmz2012,
 author = "{Sun, Y.} and {Wang, D. K.} and {Ma, D. X.} and {Zhang, Y.}",
 title = "{A signature-based algorithm for computing Gr\"obner bases in solvable
polynomial algebras}",
 booktitle = "{ISSAC 2012: Proceedings of the 2011 international symposium on 
 Symbolic and algebraic computation}",
 year = {2012},
 pages = {351--358},
 numpages = {8},
} 

@ARTICLE{sw2013a,
  author = "{Sun, Y.} and {Wang, D. K.}",
  title = "{A new proof for the correctness of the F5 algorithm}",
  journal = "{Sci. China Math.}",
  year = {2013},
  pages = {745--756},
  volume = {56},
  number = {4}
}

@ARTICLE{sw2013b,
  author = "{Sun, Y.} and {Wang, D. K.}",
  title = "{Extending the GVW algorithm to compute Gr\"obner bases}",
  journal = "{Submitted to Sci. China Math.}",
  year = {2013}
}


@MISC{sturmfelsSolving2002,
    author = "{Sturmfels, B.}",
    title = "{Solving Systems of Polynomial Equations}",
    year = {2002}
}

@BOOK{sturmfelsGb&Convex1996,
    author    = "{Sturmfels, B.}",
    title     = "{Gr\"obner Bases and Convex Polytopes}",
    publisher = "{University Lecture Series, No. 8}",
    year      = {1996}
} 

@BOOK{sturmfelsCombinatorial2004,
    author    = "{Sturmfels, B.}",
    title     = "{Combinatorial Commutative Algebra}",
    publisher = "{Graduate Texts in Mathematics, Springer Verlag}",
    year      = {2004}
} 

@BOOK{sylvester1912,
  author    = "{Sylvester, J. J.}",
  title     = "{Collected Mathematical Papers of James Joseph Sylvester}",
  publisher = "{Cambridge University Press, Cambridge, England}",
  year      = {1912}
}

%%%%%%%%%%%%%%%%%%%%%%%%#
%%%%%%%%%% T %%%%%%%%%%%%
%%%%%%%%%%%%%%%%%%%%%%%%#

@inproceedings{thiery-sagbi-2001,
  author    = "{Nicolas M. Thi{\'e}ry}",
  title     = "{Computing Minimal Generating Sets of Invariant Rings of
               Permutation Groups with SAGBI-Gr\"obner Basis}",
  booktitle = {DM-CCG},
  year      = {2001},
  pages     = {315-328},
  ee        = {http://dmtcs.loria.fr/proceedings/html/dmAA0123.abs.html},
  bibsource = {DBLP, http://dblp.uni-trier.de}
}

@article{thomasInvolutive1937,
  author    = "{Thomas, J.}",
  title     = "{Differential Systems}",
  journal   = "{American Mathematical Society, New York}",
  year      = {1937}
}

@article{tranConvertingBases2000,
  author    = "{Tran, Q.-N.}",
  title     = "{A fast algorithm for Gr\"obner basis conversion and its 
  applications}",
  journal   = "{Journal of Symbolic Computation}",
  volume    = {30},
  number    = {4},
  pages     = {451--467},
  year      = {2000}
}

@article{traversoHilbertDriven1996,
  author    = "{Traverso, C.}",
  title     = "{Hilbert Functions and the Buchberger Algorithm}",
  journal   = "{Journal of Symbolic Computation}",
  volume    = {22},
  number    = {4},
  pages     = {355--376},
  year      = {1996}
}

@InProceedings{traversoTrace1988,
  author    = "{Traverso, C.}",
  title     = "{Gr\"obner Trace Algorithms}",
  booktitle = {ISSAC'88},
  year      = {1988}
}

%%%%%%%%%%%%%%%%%%%%%%%%#
%%%%%%%%%% U %%%%%%%%%%%%
%%%%%%%%%%%%%%%%%%%%%%%%#

@article{ufnarovski2008,
  author    = "{Ufnarovski, V.}",
  title     = "{On the Cancellation Rule in the Homogenization}",
  journal   = "{Computer Science Journal of Moldova}",
  volume    = {16},
  number    = {1},
  pages     = {133--145},
  year      = {2008}
}

%%%%%%%%%%%%%%%%%%%%%%%%#
%%%%%%%%%% V %%%%%%%%%%%%
%%%%%%%%%%%%%%%%%%%%%%%%#

@PhDThesis{ volnyGVW2011,
	AUTHOR = "{Volny, F.}",
	TITLE = "{New algorithms for computing Gr\"obner bases}",
	YEAR = "2011",
	school = "Clemson University"
}


%%%%%%%%%%%%%%%%%%%%%%%%#
%%%%%%%%%% W %%%%%%%%%%%%
%%%%%%%%%%%%%%%%%%%%%%%%%

@ARTICLE{wallSyz1989,
    author = "{Wall, B.}",
    title = "{On the computation of syzygies}",
    journal = "{ACM SIGSAM Bulletin}",
    year = {1989},
    volume = {23},
    issue  = {4},
    pages = {5--14}
}

@article{ wangReconstruction1982,
 author = "{Wang, P. S.} and {Guy, M. J. T.} and {Davenport, J. H.}",
 title = "{P-adic reconstruction of rational numbers}",
 journal = "{ACM SIGSAM Bulletin}",
 volume = {16},
 issue = {2},
 month = {May},
 year = {1982},
 issn = {0163-5824},
 pages = {2--3},
 numpages = {2},
 url = {http://doi.acm.org/10.1145/1089292.1089293},
 doi = {http://doi.acm.org/10.1145/1089292.1089293},
 acmid = {1089293},
 publisher = "{ACM}",
 address = {New York, NY, USA},
} 


@ARTICLE{wang1996,
    author = "{Wang, P. S.}",
    title = "{Parallel polynomial operations on SMPs: an overview}",
    journal = "{Journal of Symbolic Computation}",
    year = {1996},
    volume = {21},
    pages = {397--410}
}

@ARTICLE{wangAccel2003,
    author = "{Wang, X.} and {Pan, V. Y.}",
    title = "{Acceleration of Euclidean algorithm and rational number reconstruction}",
    journal = "{SIAM Journal on Computing}",
    year = {2003},
    volume = {32},
    issue = {2},
    pages = {548--556}
}

@article{wichmannFGLM1997,
  author    = "{Wichmann, T.}",
  title     = "{Der FGLM-Algorithmus: verallgemeinert und implementiert in 
  \textsc{Singular}}",
  journal   = "{Diploma thesis at the university of Kaiserslautern}",
  year      = {1997}
}
@phdthesis{Wienand2011,
  author      = {Oliver Wienand},
  title       = {Algorithms for Symbolic Computation and their Applications - Standard Bases over Rings and Rank Tests in Statistics},
  pages       = {153},
  year        = {2011},
}

@article{ winklerpAdic1988,
 author = "{Winkler, F.}",
 title = "{A p-adic approach to the computation ofGr\"obner bases}",
 journal = "{Journal of Symbolic Computation}",
 volume = {6},
 issue = {2-3},
 month = {December},
 year = {1988},
 issn = {0747-7171},
 pages = {287--304},
 numpages = {18},
 url = {http://dx.doi.org/10.1016/S0747-7171(88)80049-X},
 doi = {http://dx.doi.org/10.1016/S0747-7171(88)80049-X},
 acmid = {65043},
 publisher = {Academic Press, Inc.},
 address = {Duluth, MN, USA},
} 

%%%%%%%%%%%%%%%%%%%%%%%%#
%%%%%%%%%% Y %%%%%%%%%%%%
%%%%%%%%%%%%%%%%%%%%%%%%#

@article{yanovichParallel2002,
 author = "{Yanovich, D. A.}",
 title = "{Parallelization of an Algorithm for Computation of Involutive Janet Bases}",
 journal = "{Program. Comput. Softw.}",
 volume = {28},
 issue = {2},
 month = {March},
 year = {2002},
 issn = {0361-7688},
 pages = {66--69},
 numpages = {4},
 url = {http://portal.acm.org/citation.cfm?id=597424.597488},
 doi = {10.1023/A:1014868616053},
 acmid = {597488},
 publisher = {Plenum Press},
 address = {New York, NY, USA},
} 

%%%%%%%%%%%%%%%%%%%%%%%%#
%%%%%%%%%% Z %%%%%%%%%%%%
%%%%%%%%%%%%%%%%%%%%%%%%#

@inbook{zharkov1996,
 author = "{Zharkov, A. Y.}",
 title = "{Solving zero-dimensional involutive systems}",
 book = "{Algorithms in algebraic geometry and applications}",
 year = {1996},
 isbn = {3-7643-5274-4},
 pages = {389--399},
 numpages = {11},
 url = {http://portal.acm.org/citation.cfm?id=246346.246388},
 acmid = {246388},
 publisher = {Birkhauser Verlag},
 address = {Basel, Switzerland, Switzerland},
} 

@article{ zobnin2010,
   author = "{Zobnin, A. I.}",
   affiliation = "{Department of Mechanics and Mathematics, Moscow State University, Vorob’evy gory, Moscow, 119992 Russia}",
   title = "{Generalization of the F5 algorithm for calculating Gr\"obner bases 
   for polynomial ideals}",
   journal = "{Programming and Computer Software}",
   publisher = "{MAIK Nauka/Interperiodica distributed exclusively by Springer Science+Business Media LLC.}",
   issn = {0361-7688},
   keyword = {Computer Science},
   pages = {75-82},
   volume = {36},
   issue = {2},
   note = "\url{http://dx.doi.org/10.1134/S0361768810020040}",
   year = {2010}
}
